["\n    \n            \n            \n        \n          \n          \n                                                                                              \n          \n          \n                      \n            \n        \n        \n          \n\n                      \n              1L            \n          \n        \n      \n\n        \n        \n          Laiterie des Ardennes - Lait demi-écrémé\n\n          \n          \n          La bouteille de 1L\n\n        \n\n        \n\n\n\n                    \n\n\n           \n                     \n\n\n\n        \n        \n                                        \n              \n            \n                                                \n\n                        \n        \n        \n\n        \n\n          \n            \n              1,15 €  \n              au lieu de 1,15 €  \n\n              \n                soit \n                \n                                                            1,15 €                                                             \n\n                                      / litre    \n                                                            \n                  \n\n                                              \n            \n\n          \n        \n\n      \n\n      \n\n                              \n              \n              \n              \n            \n                                    \n\n\n                        \n              \n              \n          \n                                      \n\n      \n        Produit ajouté au panier ✓\n      \n      Stock disponible : 62 max.\n\n    \n    \n\n  ","1L\nLaiterie des Ardennes - Lait demi-écrémé\n\n1,15 €\n\n1,15 € / litre\n","\n    \n            \n              \n          Le lot de 12        \n            \n        \n          \n          \n                                                                                              \n          \n          \n                      \n            \n        \n        \n          \n\n                      \n              12x1L            \n          \n        \n      \n\n        \n        \n          Laiterie des Ardennes - Lait demi-écrémé\n\n          \n          \n          Le pack de 12x1L\n\n        \n\n        \n\n\n\n                    \n\n\n           \n                     \n\n\n\n        \n        \n                                        \n              \n            \n                                                \n\n                        \n        \n        \n\n        \n\n          \n            \n              14,49 €  \n              au lieu de 14,49 €  \n\n              \n                soit \n                \n                                                            1,21 €                                                             \n\n                                      / litre    \n                                                            \n                  \n\n                                              \n            \n\n          \n        \n\n      \n\n      \n\n                              \n              \n              \n              \n            \n                                    \n\n\n                        \n              \n              \n          \n                                      \n\n      \n        Produit ajouté au panier ✓\n      \n      Stock disponible : 55 max.\n\n    \n    \n\n  ","Le lot de 12\n12x1L\nLaiterie des Ardennes - Lait demi-écrémé\n\n14,49 €\n\n1,21 € / litre\n","\n    \n            \n            \n        \n          \n          \n                                                                                              \n          \n          \n                      \n            \n        \n        \n          \n\n                      \n              1L            \n          \n        \n      \n\n        \n        \n          Lactel - Lait demi-écrémé\n\n          \n          \n          La bouteille de 1L\n\n        \n\n        \n\n\n\n                    \n\n\n           \n                     \n\n\n\n        \n        \n                                        \n              \n            \n                                                \n\n                        \n        \n        \n\n        \n\n          \n            \n              1,99 €  \n              au lieu de 1,99 €  \n\n              \n                soit \n                \n                                                            1,99 €                                                             \n\n                                      / litre    \n                                                            \n                  \n\n                                              \n            \n\n          \n        \n\n      \n\n      \n\n                              \n              \n              \n              \n            \n                                    \n\n\n                        \n              \n              \n          \n                                      \n\n      \n        Produit ajouté au panier ✓\n      \n      Stock disponible : 65 max.\n\n    \n    \n\n  ","1L\nLactel - Lait demi-écrémé\n\n1,99 €\n\n1,99 € / litre\n","\n    \n            \n            \n        \n          \n          \n                                                                                              \n          \n          \n                      \n            \n        \n        \n          \n\n                      \n              1L            \n          \n        \n      \n\n        \n        \n          Lactel - Lait demi-écrémé Bio\n\n          \n          \n          La bouteille de 1L\n\n        \n\n        \n\n\n\n                                                        \n                    \n\n\n           \n                     \n\n\n\n        \n        \n                                        \n              \n            \n                                                \n\n                          \n            \n                          \n                                            \n                \n        \n        \n\n        \n\n          \n            \n              2,45 €  \n              au lieu de 2,45 €  \n\n              \n                soit \n                \n                                                            2,45 €                                                             \n\n                                      / litre    \n                                                            \n                  \n\n                                              \n            \n\n          \n        \n\n      \n\n      \n\n                              \n              \n              \n              \n            \n                                    \n\n\n                        \n              \n              \n          \n                                      \n\n      \n        Produit ajouté au panier ✓\n      \n      Stock disponible : 38 max.\n\n    \n    \n\n  ","1L\nLactel - Lait demi-écrémé Bio\n\n2,45 €\n\n2,45 € / litre\n","\n    \n            \n            \n        \n          \n          \n                                                                                              \n          \n          \n                      \n            \n        \n        \n          \n\n                      \n              1L            \n          \n        \n      \n\n        \n        \n          Lactel - Lait demi-écrémé matin léger sans lactose\n\n          \n          \n          La bouteille de 1L\n\n        \n\n        \n\n\n\n                    \n\n\n           \n                     \n\n\n\n        \n        \n                                        \n              \n            \n                                                \n\n                        \n        \n        \n\n        \n\n          \n            \n              2,59 €  \n              au lieu de 2,59 €  \n\n              \n                soit \n                \n                                                            2,59 €                                                             \n\n                                      / litre    \n                                                            \n                  \n\n                                              \n            \n\n          \n        \n\n      \n\n      \n\n                              \n              \n              \n              \n            \n                                    \n\n\n                        \n              \n              \n          \n                                      \n\n      \n        Produit ajouté au panier ✓\n      \n      Stock disponible : 96 max.\n\n    \n    \n\n  ","1L\nLactel - Lait demi-écrémé matin léger sans lactose\n\n2,59 €\n\n2,59 € / litre\n","\n    \n            \n            \n        \n          \n          \n                                                                                              \n          \n          \n                      \n            \n        \n        \n          \n\n          \n        \n      \n\n        \n        \n          Candia - Lait demi-écrémé 1L\n\n          \n          \n          \n\n        \n\n        \n\n\n\n                    \n\n\n           \n                     \n\n\n\n        \n        \n                                        \n              \n            \n                                                \n\n                        \n        \n        \n\n        \n\n          \n            \n              1,59 €  \n              au lieu de 1,59 €  \n\n              \n                soit \n                \n                                                            1,59 €                                                             \n\n                                      / litre    \n                                                            \n                  \n\n                                              \n            \n\n          \n        \n\n      \n\n      \n\n                              \n              \n              \n              \n            \n                                    \n\n\n                        \n              \n              \n          \n                                      \n\n      \n        Produit ajouté au panier ✓\n      \n      Stock disponible : 5 max.\n\n    \n    \n\n  ","Candia - Lait demi-écrémé 1L\n\n1,59 €\n\n1,59 € / litre\n","\n    \n            \n            \n        \n          \n          \n                                                                                              \n          \n          \n                      \n            \n        \n        \n          \n\n                      \n              1L            \n          \n        \n      \n\n        \n        \n          Candia - Lait demi-écrémé Double douceur 1L\n\n          \n          \n          La bouteille de 1L\n\n        \n\n        \n\n\n\n                    \n\n\n           \n                     \n\n\n\n        \n        \n                                        \n              \n            \n                                                \n\n                        \n        \n        \n\n        \n\n          \n            \n              2,99 €  \n              au lieu de 2,99 €  \n\n              \n                soit \n                \n                                                            2,99 €                                                             \n\n                                      / litre    \n                                                            \n                  \n\n                                              \n            \n\n          \n        \n\n      \n\n      \n\n                              \n              \n              \n              \n            \n                                    \n\n\n                        \n              \n              \n          \n                                      \n\n      \n        Produit ajouté au panier ✓\n      \n      Stock disponible : 104 max.\n\n    \n    \n\n  ","1L\nCandia - Lait demi-écrémé Double douceur 1L\n\n2,99 €\n\n2,99 € / litre\n","\n    \n            \n            \n        \n          \n          \n                                                                                              \n          \n          \n                      \n            \n        \n        \n          \n\n                      \n              1L            \n          \n        \n      \n\n        \n        \n          Leader Price - Lait demi-écrémé\n\n          \n          \n          La brique de 1L\n\n        \n\n        \n\n\n\n                    \n\n\n           \n                     \n\n\n\n        \n        \n                              \n              \n            \n                                                          \n\n                        \n        \n        \n\n        \n\n          \n            \n              1,45 €  \n              au lieu de 1,45 €  \n\n              \n                soit \n                \n                                                            1,45 €                                                             \n\n                                      / litre    \n                                                            \n                  \n\n                                              \n            \n\n          \n        \n\n      \n\n      \n\n                              \n              \n              \n              \n            \n                                    \n\n\n                        \n              \n              \n          \n                                      \n\n      \n        Produit ajouté au panier ✓\n      \n      Stock disponible : 39 max.\n\n    \n    \n\n  ","1L\nLeader Price - Lait demi-écrémé\n\n1,45 €\n\n1,45 € / litre\n","\n    \n            \n              \n          Le lot de 6        \n            \n        \n          \n          \n                                                                                              \n          \n          \n                      \n            \n        \n        \n          \n\n                      \n              6x1L            \n          \n        \n      \n\n        \n        \n          Leader Price - Lait demi-écrémé 6x1L\n\n          \n          \n          Le pack de 6x1L\n\n        \n\n        \n\n\n\n                    \n\n\n           \n                     \n\n\n\n        \n        \n                                        \n              \n            \n                                                \n\n                        \n        \n        \n\n        \n\n          \n            \n              8,59 €  \n              au lieu de 8,59 €  \n\n              \n                soit \n                \n                                                            1,43 €                                                             \n\n                                      / litre    \n                                                            \n                  \n\n                                              \n            \n\n          \n        \n\n      \n\n      \n\n                              \n              \n              \n              \n            \n                                    \n\n\n                        \n              \n              \n          \n                                      \n\n      \n        Produit ajouté au panier ✓\n      \n      Stock disponible : 136 max.\n\n    \n    \n\n  ","Le lot de 6\n6x1L\nLeader Price - Lait demi-écrémé 6x1L\n\n8,59 €\n\n1,43 € / litre\n","\n    \n            \n              \n          Le lot de 6        \n            \n        \n          \n          \n                                                                                              \n          \n          \n                      \n            \n        \n        \n          \n\n                      \n              6x1L            \n          \n        \n      \n\n        \n        \n          Leader Price - Lait demi-écrémé 6x1L\n\n          \n          \n          Le pack de 6x1L\n\n        \n\n        \n\n\n\n                    \n\n\n           \n                     \n\n\n\n        \n        \n                                        \n              \n            \n                                                \n\n                        \n        \n        \n\n        \n\n          \n            \n              10,79 €  \n              au lieu de 10,79 €  \n\n              \n                soit \n                \n                                                            1,80 €                                                             \n\n                                      / litre    \n                                                            \n                  \n\n                                              \n            \n\n          \n        \n\n      \n\n      \n\n                              \n              \n              \n              \n            \n                                    \n\n\n                        \n              \n              \n          \n                                      \n\n      \n        Produit ajouté au panier ✓\n      \n      Stock disponible : 66 max.\n\n    \n    \n\n  ","Le lot de 6\n6x1L\nLeader Price - Lait demi-écrémé 6x1L\n\n10,79 €\n\n1,80 € / litre\n","\n    \n            \n            \n        \n          \n          \n                                                                                              \n          \n          \n                      \n            \n        \n        \n          \n\n                      \n              1L            \n          \n        \n      \n\n        \n        \n          Leader Price Bio - Lait demi-écrémé Bio\n\n          \n          \n          La bouteille de 1L\n\n        \n\n        \n\n\n\n                                                        \n                    \n\n\n           \n                     \n\n\n\n        \n        \n                                        \n              \n            \n                                                \n\n                          \n            \n                          \n                                            \n                \n        \n        \n\n        \n\n          \n            \n              2,05 €  \n              au lieu de 2,05 €  \n\n              \n                soit \n                \n                                                            2,05 €                                                             \n\n                                      / litre    \n                                                            \n                  \n\n                                              \n            \n\n          \n        \n\n      \n\n      \n\n                              \n              \n              \n              \n            \n                                    \n\n\n                        \n              \n              \n          \n                                      \n\n      \n        Produit ajouté au panier ✓\n      \n      Stock disponible : 55 max.\n\n    \n    \n\n  ","1L\nLeader Price Bio - Lait demi-écrémé Bio\n\n2,05 €\n\n2,05 € / litre\n","\n    \n            \n            \n        \n          \n          \n                                                                                              \n          \n          \n                      \n            \n        \n        \n          \n\n                      \n              6x50cl            \n          \n        \n      \n\n        \n        \n          Pâturages - Lait UHT demi-écrémé\n\n          \n          \n          Le pack de 6x50cl\n\n        \n\n        \n\n\n\n                    \n\n\n           \n                     \n\n\n\n        \n        \n        \n\n                        \n        \n        \n\n        \n\n          \n            \n              6,29 €  \n              au lieu de 6,29 €  \n\n              \n                soit \n                \n                                                            2,10 €                                                             \n\n                                      / litre    \n                                                            \n                  \n\n                                              \n            \n\n          \n        \n\n      \n\n      \n\n                              \n              \n              \n              \n            \n                                    \n\n\n                        \n              \n              \n          \n                                      \n\n      \n        Produit ajouté au panier ✓\n      \n      Stock disponible : 4 max.\n\n    \n    \n\n  ","6x50cl\nPâturages - Lait UHT demi-écrémé\n\n6,29 €\n\n2,10 € / litre\n","\n    \n            \n            \n        \n          \n          \n                                                                                              \n          \n          \n                      \n            \n        \n        \n          \n\n          \n        \n      \n\n        \n        \n          Boisson au Soja Nature Bio\n\n          \n          \n          La brique de 1L\n\n        \n\n        \n\n\n\n                                                        \n                    \n\n\n           \n                     \n\n\n\n        \n        \n        \n\n                          \n            \n                          \n                                            \n                \n        \n        \n\n        \n\n          \n            \n              1,99 €  \n              au lieu de 1,99 €  \n\n              \n                soit \n                \n                                                            1,99 €                                                             \n\n                                      / litre    \n                                                            \n                  \n\n                                              \n            \n\n          \n        \n\n      \n\n      \n\n                              \n              \n              \n              \n            \n                                    \n\n\n                        \n              \n              \n          \n                                      \n\n      \n        Produit ajouté au panier ✓\n      \n      Stock disponible : 18 max.\n\n    \n    \n\n  ","Boisson au Soja Nature Bio\n\n1,99 €\n\n1,99 € / litre\n","\n    \n            \n            \n        \n          \n          \n                                                            \n                    \n                  \n                                                                    \n          \n          \n                      \n            \n        \n        \n          \n\n          \n        \n      \n\n        \n        \n          Soya cuisine 50cl Bio\n\n          \n          \n          La brique de 50cl\n\n        \n\n        \n\n\n\n                                                        \n                    \n\n\n           \n                     \n\n\n\n        \n        \n        \n\n                          \n            \n                          \n                                            \n                \n        \n        \n\n        \n\n          \n            \n              3,80 €  \n              au lieu de 3,80 €  \n\n              \n                soit \n                \n                                                            7,60 €                                                             \n\n                                      / litre    \n                                                            \n                  \n\n                                              \n            \n\n          \n        \n\n      \n\n      \n\n                              \n              \n              \n              \n            \n                                    \n\n\n                        \n              \n              \n          \n                                      \n\n      \n        Produit ajouté au panier ✓\n      \n      Stock disponible : 5 max.\n\n    \n    \n\n  ","Soya cuisine 50cl Bio\n\n3,80 €\n\n7,60 € / litre\n","\n    \n            \n            \n        \n          \n          \n                                                                                              \n          \n          \n                      \n            \n        \n        \n          \n\n                      \n              1L            \n          \n        \n      \n\n        \n        \n          Bjorg - Boisson végétale au soja\n\n          \n          \n          La brique de 1L\n\n        \n\n        \n\n\n\n                    \n\n\n           \n                     \n\n\n\n        \n        \n        \n\n                        \n        \n        \n\n        \n\n          \n            \n              3,50 €  \n              au lieu de 3,50 €  \n\n              \n                soit \n                \n                                                            3,50 €                                                             \n\n                                          \n                    / KG                                        \n                  \n\n                                              \n            \n\n          \n        \n\n      \n\n      \n\n                              \n              \n              \n              \n            \n                                    \n\n\n                        \n              \n              \n          \n                                      \n\n      \n        Produit ajouté au panier ✓\n      \n      Stock disponible : 22 max.\n\n    \n    \n\n  ","1L\nBjorg - Boisson végétale au soja\n\n3,50 €\n\n3,50 € / KG\n","\n    \n            \n            \n        \n          \n          \n                                                                                              \n          \n          \n                      \n            \n        \n        \n          \n\n          \n        \n      \n\n        \n        \n          Boisson Épeautre Riz Noisettes Bio\n\n          \n          \n          La brique de 1L\n\n        \n\n        \n\n\n\n                                                        \n                    \n\n\n           \n                     \n\n\n\n        \n        \n        \n\n                          \n            \n                          \n                                            \n                \n        \n        \n\n        \n\n          \n            \n              3,65 €  \n              au lieu de 3,65 €  \n\n              \n                soit \n                \n                                                            3,65 €                                                             \n\n                                      / litre    \n                                                            \n                  \n\n                                              \n            \n\n          \n        \n\n      \n\n      \n\n                              \n              \n              \n              \n            \n                                    \n\n\n                        \n              \n              \n          \n                                      \n\n      \n        Produit ajouté au panier ✓\n      \n      Stock disponible : 32 max.\n\n    \n    \n\n  ","Boisson Épeautre Riz Noisettes Bio\n\n3,65 €\n\n3,65 € / litre\n","\n    \n            \n            \n        \n          \n          \n                                                                                              \n          \n          \n                      \n            \n        \n        \n          \n\n          \n        \n      \n\n        \n        \n          Boisson à base de Chocolat et de Noisettes Bio\n\n          \n          \n          La brique de 1L\n\n        \n\n        \n\n\n\n                                                        \n                    \n\n\n           \n                     \n\n\n\n        \n        \n        \n\n                          \n            \n                          \n                                            \n                \n        \n        \n\n        \n\n          \n            \n              3,95 €  \n              au lieu de 3,95 €  \n\n              \n                soit \n                \n                                                            3,95 €                                                             \n\n                                      / litre    \n                                                            \n                  \n\n                                              \n            \n\n          \n        \n\n      \n\n      \n\n                              \n              \n              \n              \n            \n                                    \n\n\n                        \n              \n              \n          \n                                      \n\n      \n        Produit ajouté au panier ✓\n      \n      Stock disponible : 17 max.\n\n    \n    \n\n  ","Boisson à base de Chocolat et de Noisettes Bio\n\n3,95 €\n\n3,95 € / litre\n","\n    \n            \n            \n        \n          \n          \n                                                                                              \n          \n          \n                      \n            \n        \n        \n          \n\n                      \n              330ml            \n          \n        \n      \n\n        \n        \n          Direct Pro - Lait de coco\n\n          \n          \n          La brique de 33cL\n\n        \n\n        \n\n\n\n                                                        \n                    \n\n\n           \n                     \n\n\n\n        \n        \n        \n\n                          \n            \n                          \n                                            \n                \n        \n        \n\n        \n\n          \n            \n              3,10 €  \n              au lieu de 3,10 €  \n\n              \n                soit \n                \n                                                            9,39 €                                                             \n\n                                      / litre    \n                                                            \n                  \n\n                                              \n            \n\n          \n        \n\n      \n\n      \n\n                              \n              \n              \n              \n            \n                                    \n\n\n                        \n              \n              \n          \n                                      \n\n      \n        Produit ajouté au panier ✓\n      \n      Stock disponible : 25 max.\n\n    \n    \n\n  ","330ml\nDirect Pro - Lait de coco\n\n3,10 €\n\n9,39 € / litre\n","\n    \n            \n            \n        \n          \n          \n                                                            \n                    \n                  \n                                                                    \n          \n          \n                      \n            \n        \n        \n          \n\n          \n        \n      \n\n        \n        \n          Crème cuisine amande Bio\n\n          \n          \n          La brique de 20cl\n\n        \n\n        \n\n\n\n                                                        \n                    \n\n\n           \n                     \n\n\n\n        \n        \n        \n\n                          \n            \n                          \n                                            \n                \n        \n        \n\n        \n\n          \n            \n              1,80 €  \n              au lieu de 1,80 €  \n\n              \n                soit \n                \n                                                            9,00 €                                                             \n\n                                      / litre    \n                                                            \n                  \n\n                                              \n            \n\n          \n        \n\n      \n\n      \n\n                              \n              \n              \n              \n            \n                                    \n\n\n                        \n              \n              \n          \n                                      \n\n      \n        Produit ajouté au panier ✓\n      \n      Stock disponible : 29 max.\n\n    \n    \n\n  ","Crème cuisine amande Bio\n\n1,80 €\n\n9,00 € / litre\n","\n    \n            \n            \n        \n          \n          \n                                                                                              \n          \n          \n                      \n            \n        \n        \n          \n\n                      \n              200ml            \n          \n        \n      \n\n        \n        \n          Ecomil - Crème de coco cuisine\n\n          \n          \n          La brique de 20cL\n\n        \n\n        \n\n\n\n                                                        \n                    \n\n\n           \n                     \n\n\n\n        \n        \n                                                            \n              \n            \n                            \n\n                          \n            \n                          \n                                            \n                \n        \n        \n\n        \n\n          \n            \n              2,20 €  \n              au lieu de 2,20 €  \n\n              \n                soit \n                \n                                                            11,00 €                                                             \n\n                                      / litre    \n                                                            \n                  \n\n                                              \n            \n\n          \n        \n\n      \n\n      \n\n                              \n              \n              \n              \n            \n                                    \n\n\n                        \n              \n              \n          \n                                      \n\n      \n        Produit ajouté au panier ✓\n      \n      Stock disponible : 35 max.\n\n    \n    \n\n  ","200ml\nEcomil - Crème de coco cuisine\n\n2,20 €\n\n11,00 € / litre\n","\n    \n            \n            \n        \n          \n          \n                                                                                              \n          \n          \n                      \n            \n        \n        \n          \n\n          \n        \n      \n\n        \n        \n          Lait d'amande classic calcium Bio\n\n          \n          \n          La brique de 1L\n\n        \n\n        \n\n\n\n                                                        \n                    \n\n\n           \n                     \n\n\n\n        \n        \n        \n\n                          \n            \n                          \n                                            \n                \n        \n        \n\n        \n\n          \n            \n              3,30 €  \n              au lieu de 3,30 €  \n\n              \n                soit \n                \n                                                            3,30 €                                                             \n\n                                      / litre    \n                                                            \n                  \n\n                                              \n            \n\n          \n        \n\n      \n\n      \n\n                              \n              \n              \n              \n            \n                                    \n\n\n                        \n              \n              \n          \n                                      \n\n      \n        Produit ajouté au panier ✓\n      \n      Stock disponible : 30 max.\n\n    \n    \n\n  ","Lait d'amande classic calcium Bio\n\n3,30 €\n\n3,30 € / litre\n","\n    \n            \n            \n        \n          \n          \n                                                            \n                    \n                  \n                                                                    \n          \n          \n                      \n            \n        \n        \n          \n\n          \n        \n      \n\n        \n        \n          Crème coco cuisine Bio\n\n          \n          \n          La brique de 25cl\n\n        \n\n        \n\n\n\n                                                        \n                    \n\n\n           \n                     \n\n\n\n        \n        \n        \n\n                          \n            \n                          \n                                            \n                \n        \n        \n\n        \n\n          \n            \n              2,30 €  \n              au lieu de 2,30 €  \n\n              \n                soit \n                \n                                                            9,20 €                                                             \n\n                                      / litre    \n                                                            \n                  \n\n                                              \n            \n\n          \n        \n\n      \n\n      \n\n                              \n              \n              \n              \n            \n                                    \n\n\n                        \n              \n              \n          \n                                      \n\n      \n        Produit ajouté au panier ✓\n      \n      Stock disponible : 38 max.\n\n    \n    \n\n  ","Crème coco cuisine Bio\n\n2,30 €\n\n9,20 € / litre\n","\n    \n            \n            \n        \n          \n          \n                                                                                              \n          \n          \n                      \n            \n        \n        \n          \n\n                      \n              25cl            \n          \n        \n      \n\n        \n        \n          La Mandorle - Crème d'amande cuisine\n\n          \n          \n          La brique de 25cL\n\n        \n\n        \n\n\n\n                                                        \n                    \n\n\n           \n                     \n\n\n\n        \n        \n                              \n              \n            \n                                                          \n\n                          \n            \n                          \n                                            \n                \n        \n        \n\n        \n\n          \n            \n              2,55 €  \n              au lieu de 2,55 €  \n\n              \n                soit \n                \n                                                            10,20 €                                                             \n\n                                      / litre    \n                                                            \n                  \n\n                                              \n            \n\n          \n        \n\n      \n\n      \n\n                              \n              \n              \n              \n            \n                                    \n\n\n                        \n              \n              \n          \n                                      \n\n      \n        Produit ajouté au panier ✓\n      \n      Stock disponible : 9 max.\n\n    \n    \n\n  ","25cl\nLa Mandorle - Crème d'amande cuisine\n\n2,55 €\n\n10,20 € / litre\n","\n    \n            \n            \n        \n          \n          \n                                                                                              \n          \n          \n                      \n            \n        \n        \n          \n\n                      \n              1L            \n          \n        \n      \n\n        \n        \n          Lima - Boisson au riz noisettes & amandes\n\n          \n          \n          La brique de 1L\n\n        \n\n        \n\n\n\n                                                        \n                    \n\n\n           \n                     \n\n\n\n        \n        \n                                        \n              \n            \n                                                \n\n                          \n            \n                          \n                                            \n                \n        \n        \n\n        \n\n          \n            \n              4,15 €  \n              au lieu de 4,15 €  \n\n              \n                soit \n                \n                                                            4,15 €                                                             \n\n                                      / litre    \n                                                            \n                  \n\n                                              \n            \n\n          \n        \n\n      \n\n      \n\n                              \n              \n              \n              \n            \n                                    \n\n\n                        \n              \n              \n          \n                                      \n\n      \n        Produit ajouté au panier ✓\n      \n      Stock disponible : 6 max.\n\n    \n    \n\n  ","1L\nLima - Boisson au riz noisettes & amandes\n\n4,15 €\n\n4,15 € / litre\n","\n    \n            \n            \n        \n          \n          \n                                                                                              \n          \n          \n                      \n            \n        \n        \n          \n\n                      \n              1L            \n          \n        \n      \n\n        \n        \n          Regain Bio - Boisson au soja nature\n\n          \n          \n          La brique de 1L\n\n        \n\n        \n\n\n\n                    \n\n\n           \n                     \n\n\n\n        \n        \n        \n\n                        \n        \n        \n\n        \n\n          \n            \n              1,99 €  \n              au lieu de 1,99 €  \n\n              \n                soit \n                \n                                                            1,99 €                                                             \n\n                                      / litre    \n                                                            \n                  \n\n                                              \n            \n\n          \n        \n\n      \n\n      \n\n                              \n              \n              \n              \n            \n                                    \n\n\n                        \n              \n              \n          \n                                      \n\n      \n        Produit ajouté au panier ✓\n      \n      Stock disponible : 6 max.\n\n    \n    \n\n  ","1L\nRegain Bio - Boisson au soja nature\n\n1,99 €\n\n1,99 € / litre\n","\n    \n            \n            \n        \n          \n          \n                                                            \n                    \n                  \n                                                                    \n          \n          \n                      \n            \n        \n        \n          \n\n                      \n              75cl            \n          \n        \n      \n\n        \n        \n          Val D'Ormeze - Lait de chèvre entier\n\n          \n          \n          La bouteille de 75cl\n\n        \n\n        \n\n\n\n                                                        \n                    \n\n\n           \n                     \n\n\n\n        \n        \n                                        \n              \n            \n                                                \n\n                          \n            \n                          \n                                            \n                \n        \n        \n\n        \n\n          \n            \n              3,75 €  \n              au lieu de 3,75 €  \n\n              \n                soit \n                \n                                                            5,00 €                                                             \n\n                                      / litre    \n                                                            \n                  \n\n                                              \n            \n\n          \n        \n\n      \n\n      \n\n                              \n              \n              \n              \n            \n                                    \n\n\n                        \n              \n              \n          \n                                      \n\n      \n        Produit ajouté au panier ✓\n      \n      Stock disponible : 3 max.\n\n    \n    \n\n  ","75cl\nVal D'Ormeze - Lait de chèvre entier\n\n3,75 €\n\n5,00 € / litre\n","\n    \n            \n            \n        \n          \n          \n                                                                                              \n          \n          \n                      \n            \n        \n        \n          \n\n                      \n              1L            \n          \n        \n      \n\n        \n        \n          Leader Price - Lait entier\n\n          \n          \n          La brique de 1L\n\n        \n\n        \n\n\n\n                    \n\n\n           \n                     \n\n\n\n        \n        \n                                        \n              \n            \n                                                \n\n                        \n        \n        \n\n        \n\n          \n            \n              1,67 €  \n              au lieu de 1,67 €  \n\n              \n                soit \n                \n                                                            1,67 €                                                             \n\n                                      / litre    \n                                                            \n                  \n\n                                              \n            \n\n          \n        \n\n      \n\n      \n\n                              \n              \n              \n              \n            \n                                    \n\n\n                        \n              \n              \n          \n                                      \n\n      \n        Produit ajouté au panier ✓\n      \n      Stock disponible : 21 max.\n\n    \n    \n\n  ","1L\nLeader Price - Lait entier\n\n1,67 €\n\n1,67 € / litre\n","\n    \n            \n              \n          Le lot de 6        \n            \n        \n          \n          \n                                                                                              \n          \n          \n                      \n            \n        \n        \n          \n\n                      \n              6x1L            \n          \n        \n      \n\n        \n        \n          Leader Price - Lait entier 6x1L\n\n          \n          \n          Le pack de 6x1L\n\n        \n\n        \n\n\n\n                    \n\n\n           \n                     \n\n\n\n        \n        \n                                        \n              \n            \n                                                \n\n                        \n        \n        \n\n        \n\n          \n            \n              9,99 €  \n              au lieu de 9,99 €  \n\n              \n                soit \n                \n                                                            1,67 €                                                             \n\n                                      / litre    \n                                                            \n                  \n\n                                              \n            \n\n          \n        \n\n      \n\n      \n\n                              \n              \n              \n              \n            \n                                    \n\n\n                        \n              \n              \n          \n                                      \n\n      \n        Produit ajouté au panier ✓\n      \n      Stock disponible : 14 max.\n\n    \n    \n\n  ","Le lot de 6\n6x1L\nLeader Price - Lait entier 6x1L\n\n9,99 €\n\n1,67 € / litre\n","\n    \n            \n            \n        \n          \n          \n                                                            \n                    \n                  \n                                                                    \n          \n          \n                      \n            \n        \n        \n          \n\n                      \n              1L            \n          \n        \n      \n\n        \n        \n          Grandeur Nature - Lait entier\n\n          \n          \n          La brique de 1L\n\n        \n\n        \n\n\n\n                                                        \n                    \n\n\n           \n                     \n\n\n\n        \n        \n                                        \n              \n            \n                                                \n\n                          \n            \n                          \n                                            \n                \n        \n        \n\n        \n\n          \n            \n              2,65 €  \n              au lieu de 2,65 €  \n\n              \n                soit \n                \n                                                            2,65 €                                                             \n\n                                      / litre    \n                                                            \n                  \n\n                                              \n            \n\n          \n        \n\n      \n\n      \n\n                              \n              \n              \n              \n            \n                                    \n\n\n                        \n              \n              \n          \n                                      \n\n      \n        Produit ajouté au panier ✓\n      \n      Stock disponible : 12 max.\n\n    \n    \n\n  ","1L\nGrandeur Nature - Lait entier\n\n2,65 €\n\n2,65 € / litre\n","\n    \n            \n            \n        \n          \n          \n                                                                                              \n          \n          \n                      \n            \n        \n        \n          \n\n                      \n              6x20cL            \n          \n        \n      \n\n        \n        \n          Candy Up - Boisson lactée chocolat\n\n          \n          \n          Le lot de 6x20cL\n\n        \n\n        \n\n\n\n                    \n\n\n           \n                     \n\n\n\n        \n        \n                                        \n              \n            \n                                                \n\n                        \n        \n        \n\n        \n\n          \n            \n              5,75 €  \n              au lieu de 5,75 €  \n\n              \n                soit \n                \n                                                            47,92 €                                                             \n\n                                      / litre    \n                                                            \n                  \n\n                                              \n            \n\n          \n        \n\n      \n\n      \n\n                              \n              \n              \n              \n            \n                                    \n\n\n                        \n              \n              \n          \n                                      \n\n      \n        Produit ajouté au panier ✓\n      \n      Stock disponible : 20 max.\n\n    \n    \n\n  ","6x20cL\nCandy Up - Boisson lactée chocolat\n\n5,75 €\n\n47,92 € / litre\n","\n    \n            \n            \n        \n          \n          \n                                                            \n                    \n                  \n                                                                    \n          \n          \n                      \n            \n        \n        \n          \n\n                      \n              x24            \n          \n        \n      \n\n        \n        \n          Coquille - Œufs frais locaux Calibre Petit\n\n          \n          \n          la boite de 24\n\n        \n\n        \n\n\n\n                    \n\n\n                                      \n           \n                     \n\n\n\n        \n        \n        \n\n                          \n            \n                 \n                                   \n                \n        \n        \n\n        \n\n          \n            \n              6,85 €  \n              au lieu de 6,85 €  \n\n              \n                soit \n                \n                                                            6,85 €                                                             \n\n                                          \n                                        / pièce                    \n                  \n\n                                              \n            \n\n          \n        \n\n      \n\n      \n\n                              \n              \n              \n              \n            \n                                    \n\n\n                        \n              \n              \n          \n                                      \n\n      \n        Produit ajouté au panier ✓\n      \n      Stock disponible : 20 max.\n\n    \n    \n\n  ","x24\nCoquille - Œufs frais locaux Calibre Petit\n\n6,85 €\n\n6,85 € / pièce\n","\n    \n            \n            \n        \n          \n          \n                                                            \n                    \n                  \n                                                                    \n          \n          \n                      \n            \n        \n        \n          \n\n                      \n              x6            \n          \n        \n      \n\n        \n        \n          Coquille - Œufs frais locaux\n\n          \n          \n          La boîte de x6\n\n        \n\n        \n\n\n\n                    \n\n\n                                      \n           \n                     \n\n\n\n        \n        \n                              \n              \n            \n                                                          \n\n                          \n            \n                 \n                                   \n                \n        \n        \n\n        \n\n          \n            \n              2,35 €  \n              au lieu de 2,35 €  \n\n              \n                soit \n                \n                                                            7,83 €                                                             \n\n                                          \n                    / KG                                        \n                  \n\n                                              \n            \n\n          \n        \n\n      \n\n      \n\n                              \n              \n              \n              \n            \n                                    \n\n\n                        \n              \n              \n          \n                                      \n\n      \n        Produit ajouté au panier ✓\n      \n      Stock disponible : 85 max.\n\n    \n    \n\n  ","x6\nCoquille - Œufs frais locaux\n\n2,35 €\n\n7,83 € / KG\n","\n    \n              \n                      - 22%\n                        \n            \n        \n          \n          \n                                                            \n                    \n                  \n                                                                    \n          \n          \n                      \n            \n        \n        \n          \n\n                      \n              x12            \n          \n        \n      \n\n        \n        \n          Coquille - Œufs frais locaux\n\n          \n          \n          La boîte de x12\n\n        \n\n        \n\n\n\n                    \n\n\n                                      \n           \n                     \n\n\n\n        \n        \n                              \n              \n            \n                                                          \n\n                          \n            \n                 \n                                   \n                \n        \n        \n\n        \n\n          \n            \n              4,49 €  3,49 €  \n              au lieu de 4,49 €  \n\n              \n                soit \n                \n                                                            3,49 €                                                             \n\n                                          \n                                        / pièce                    \n                  \n\n                                              \n            \n\n          \n        \n\n      \n\n      \n\n                              \n              \n              \n              \n            \n                                    \n\n\n                        \n              \n              \n          \n                                      \n\n      \n        Produit ajouté au panier ✓\n      \n      Stock disponible : 67 max.\n\n    \n    \n\n  ","- 22%\nx12\nCoquille - Œufs frais locaux\n\n3,49 €\n\nau lieu de 4,49 €\n\n3,49 € / pièce\n","\n    \n            \n            \n        \n          \n          \n                                                            \n                    \n                  \n                                                                    \n          \n          \n                      \n            \n        \n        \n          \n\n                      \n              x20            \n          \n        \n      \n\n        \n        \n          Coquille - Œufs frais locaux\n\n          \n          \n          La boîte de x20\n\n        \n\n        \n\n\n\n                    \n\n\n                                      \n           \n                     \n\n\n\n        \n        \n                              \n              \n            \n                                                          \n\n                          \n            \n                 \n                                   \n                \n        \n        \n\n        \n\n          \n            \n              6,75 €  \n              au lieu de 6,75 €  \n\n              \n                soit \n                \n                                                            6,75 €                                                             \n\n                                          \n                                        / pièce                    \n                  \n\n                                              \n            \n\n          \n        \n\n      \n\n      \n\n                              \n              \n              \n              \n            \n                                    \n\n\n                        \n              \n              \n          \n                                      \n\n      \n        Produit ajouté au panier ✓\n      \n      Stock disponible : 171 max.\n\n    \n    \n\n  ","x20\nCoquille - Œufs frais locaux\n\n6,75 €\n\n6,75 € / pièce\n","\n    \n            \n            \n        \n          \n          \n                                                                                              \n          \n          \n                      \n            \n        \n        \n          \n\n                      \n              400ml            \n          \n        \n      \n\n        \n        \n          La kréyole - Lait de coco 400ml\n\n          \n          \n          La conserve de 400ml\n\n        \n\n        \n\n\n\n                    \n\n\n           \n                     \n\n\n\n        \n        \n        \n\n                        \n        \n        \n\n        \n\n          \n            \n              3,39 €  \n              au lieu de 3,39 €  \n\n              \n                soit \n                \n                                                            8,48 €                                                             \n\n                                      / litre    \n                                                            \n                  \n\n                                              \n            \n\n          \n        \n\n      \n\n      \n\n                              \n              \n              \n              \n            \n                                    \n\n\n                        \n              \n              \n          \n                                      \n\n      \n        Produit ajouté au panier ✓\n      \n      Stock disponible : 40 max.\n\n    \n    \n\n  ","400ml\nLa kréyole - Lait de coco 400ml\n\n3,39 €\n\n8,48 € / litre\n","\n    \n            \n            \n        \n          \n          \n                                                                                              \n          \n          \n                      \n            \n        \n        \n          \n\n                      \n              1L            \n          \n        \n      \n\n        \n        \n          Soy - Boisson au soja à la vanille\n\n          \n          \n          La brique de 1L\n\n        \n\n        \n\n\n\n                                                        \n                    \n\n\n           \n                     \n\n\n\n        \n        \n                              \n              \n            \n                                                          \n\n                          \n            \n                          \n                                            \n                \n        \n        \n\n        \n\n          \n            \n              3,35 €  \n              au lieu de 3,35 €  \n\n              \n                soit \n                \n                                                            3,35 €                                                             \n\n                                      / litre    \n                                                            \n                  \n\n                                              \n            \n\n          \n        \n\n      \n\n      \n\n                              \n              \n              \n              \n            \n                                    \n\n\n                        \n              \n              \n          \n                                      \n\n      \n        Produit ajouté au panier ✓\n      \n      Stock disponible : 19 max.\n\n    \n    \n\n  ","1L\nSoy - Boisson au soja à la vanille\n\n3,35 €\n\n3,35 € / litre\n","\n    \n            \n            \n        \n          \n          \n                                                                                              \n          \n          \n                      \n            \n        \n        \n          \n\n                      \n              400mL            \n          \n        \n      \n\n        \n        \n          Leader Price - Lait de coco\n\n          \n          \n          La boîte de 400mL\n\n        \n\n        \n\n\n\n                    \n\n\n           \n                     \n\n\n\n        \n        \n        \n\n                        \n        \n        \n\n        \n\n          \n            \n              1,95 €  \n              au lieu de 1,95 €  \n\n              \n                soit \n                \n                                                            4,88 €                                                             \n\n                                      / litre    \n                                                            \n                  \n\n                                              \n            \n\n          \n        \n\n      \n\n      \n\n                              \n              \n              \n              \n            \n                                    \n\n\n                        \n              \n              \n          \n                                      \n\n      \n        Produit ajouté au panier ✓\n      \n      Stock disponible : 63 max.\n\n    \n    \n\n  ","400mL\nLeader Price - Lait de coco\n\n1,95 €\n\n4,88 € / litre\n","\n    \n            \n            \n        \n          \n          \n                                                                                              \n          \n          \n                      \n            \n        \n        \n          \n\n                      \n              1L            \n          \n        \n      \n\n        \n        \n          Leader Price BIo - Boisson avoine Bio\n\n          \n          \n          La brique de 1L\n\n        \n\n        \n\n\n\n                    \n\n\n           \n                                                        \n                     \n\n\n\n        \n        \n        \n\n                          \n            \n                          \n                                            \n                \n        \n        \n\n        \n\n          \n            \n              2,69 €  \n              au lieu de 2,69 €  \n\n              \n                soit \n                \n                                                            2,69 €                                                             \n\n                                      / litre    \n                                                            \n                  \n\n                                              \n            \n\n          \n        \n\n      \n\n      \n\n                              \n              \n              \n              \n            \n                                    \n\n\n                        \n              \n              \n          \n                                      \n\n      \n        Produit ajouté au panier ✓\n      \n      Stock disponible : 19 max.\n\n    \n    \n\n  ","1L\nLeader Price BIo - Boisson avoine Bio\n\n2,69 €\n\n2,69 € / litre\n","\n    \n            \n            \n        \n          \n          \n                                                                                              \n          \n          \n                      \n            \n        \n        \n          \n\n                      \n              1L            \n          \n        \n      \n\n        \n        \n          Bjorg - Boisson amande intense Bio\n\n          \n          \n          La brique de 1L\n\n        \n\n        \n\n\n\n                                                        \n                    \n\n\n           \n                                                        \n                     \n\n\n\n        \n        \n                                        \n              \n            \n                                                \n\n                          \n            \n                          \n                        \n                                                                                          \n                          \n                                            \n                \n        \n        \n\n        \n\n          \n            \n              5,95 €  \n              au lieu de 5,95 €  \n\n              \n                soit \n                \n                                                            5,95 €                                                             \n\n                                      / litre    \n                                                            \n                  \n\n                                              \n            \n\n          \n        \n\n      \n\n      \n\n                              \n              \n              \n              \n            \n                                    \n\n\n                        \n              \n              \n          \n                                      \n\n      \n        Produit ajouté au panier ✓\n      \n      Stock disponible : 20 max.\n\n    \n    \n\n  ","1L\nBjorg - Boisson amande intense Bio\n\n5,95 €\n\n5,95 € / litre\n","\n    \n            \n            \n        \n          \n          \n                                                                                              \n          \n          \n                      \n            \n        \n        \n          \n\n                      \n              1L            \n          \n        \n      \n\n        \n        \n          Bjorg - Boisson amande sans sucres ajoutés Bio\n\n          \n          \n          La brique de 1L\n\n        \n\n        \n\n\n\n                                                        \n                    \n\n\n           \n                                                        \n                     \n\n\n\n        \n        \n                                        \n              \n            \n                                                \n\n                          \n            \n                          \n                        \n                                                                                          \n                          \n                                            \n                \n        \n        \n\n        \n\n          \n            \n              3,85 €  \n              au lieu de 3,85 €  \n\n              \n                soit \n                \n                                                            3,85 €                                                             \n\n                                      / litre    \n                                                            \n                  \n\n                                              \n            \n\n          \n        \n\n      \n\n      \n\n                              \n              \n              \n              \n            \n                                    \n\n\n                        \n              \n              \n          \n                                      \n\n      \n        Produit ajouté au panier ✓\n      \n      Stock disponible : 73 max.\n\n    \n    \n\n  ","1L\nBjorg - Boisson amande sans sucres ajoutés Bio\n\n3,85 €\n\n3,85 € / litre\n","\n    \n            \n            \n        \n          \n          \n                                                                                              \n          \n          \n                      \n            \n        \n        \n          \n\n                      \n              1L            \n          \n        \n      \n\n        \n        \n          Bjorg - Boisson avoine Bio\n\n          \n          \n          Le pack de 1L\n\n        \n\n        \n\n\n\n                                                        \n                    \n\n\n           \n                                                        \n                     \n\n\n\n        \n        \n                                        \n              \n            \n                                                \n\n                          \n            \n                          \n                        \n                                                                                          \n                          \n                                            \n                \n        \n        \n\n        \n\n          \n            \n              4,19 €  \n              au lieu de 4,19 €  \n\n              \n                soit \n                \n                                                            4,19 €                                                             \n\n                                      / litre    \n                                                            \n                  \n\n                                              \n            \n\n          \n        \n\n      \n\n      \n\n                              \n              \n              \n              \n            \n                                    \n\n\n                        \n              \n              \n          \n                                      \n\n      \n        Produit ajouté au panier ✓\n      \n      Stock disponible : 11 max.\n\n    \n    \n\n  ","1L\nBjorg - Boisson avoine Bio\n\n4,19 €\n\n4,19 € / litre\n","\n    \n            \n            \n        \n          \n          \n                                                                                              \n          \n          \n                      \n            \n        \n        \n          \n\n                      \n              1L            \n          \n        \n      \n\n        \n        \n          Bjorg - Lait d'amande bio\n\n          \n          \n          La brique de 1L\n\n        \n\n        \n\n\n\n                                                        \n                    \n\n\n           \n                     \n\n\n\n        \n        \n                                        \n              \n            \n                                                \n\n                          \n            \n                          \n                                            \n                \n        \n        \n\n        \n\n          \n            \n              5,09 €  \n              au lieu de 5,09 €  \n\n              \n                soit \n                \n                                                            5,09 €                                                             \n\n                                      / litre    \n                                                            \n                  \n\n                                              \n            \n\n          \n        \n\n      \n\n      \n\n                              \n              \n              \n              \n            \n                                    \n\n\n                        \n              \n              \n          \n                                      \n\n      \n        Produit ajouté au panier ✓\n      \n      Stock disponible : 38 max.\n\n    \n    \n\n  ","1L\nBjorg - Lait d'amande bio\n\n5,09 €\n\n5,09 € / litre\n","\n    \n            \n            \n        \n          \n          \n                                                                                              \n          \n          \n                      \n            \n        \n        \n          \n\n                      \n              250g            \n          \n        \n      \n\n        \n        \n          Bjorg - Soja cuisine fluide bio\n\n          \n          \n          La brique de 250g\n\n        \n\n        \n\n\n\n                                                        \n                    \n\n\n           \n                                                        \n                     \n\n\n\n        \n        \n                                        \n              \n            \n                                                \n\n                          \n            \n                          \n                        \n                                                                                          \n                          \n                                            \n                \n        \n        \n\n        \n\n          \n            \n              1,99 €  \n              au lieu de 1,99 €  \n\n              \n                soit \n                \n                                                            7,96 €                                                             \n\n                                          \n                    / KG                                        \n                  \n\n                                              \n            \n\n          \n        \n\n      \n\n      \n\n                              \n              \n              \n              \n            \n                                    \n\n\n                        \n              \n              \n          \n                                      \n\n      \n        Produit ajouté au panier ✓\n      \n      Stock disponible : 4 max.\n\n    \n    \n\n  ","250g\nBjorg - Soja cuisine fluide bio\n\n1,99 €\n\n7,96 € / KG\n","\n    \n            \n            \n        \n          \n          \n                                                            \n                    \n                  \n                                                                    \n          \n          \n                      \n            \n        \n        \n          \n\n                      \n              1L            \n          \n        \n      \n\n        \n        \n          Bjorg - Boisson au soja saveur chocolat\n\n          \n          \n          La brique de 1L\n\n        \n\n        \n\n\n\n                    \n\n\n           \n                     \n\n\n\n        \n        \n        \n\n                        \n        \n        \n\n        \n\n          \n            \n              3,95 €  \n              au lieu de 3,95 €  \n\n              \n                soit \n                \n                                                            3,95 €                                                             \n\n                                      / litre    \n                                                            \n                  \n\n                                              \n            \n\n          \n        \n\n      \n\n      \n\n                              \n              \n              \n              \n            \n                                    \n\n\n                        \n              \n              \n          \n                                      \n\n      \n        Produit ajouté au panier ✓\n      \n      Stock disponible : 71 max.\n\n    \n    \n\n  ","1L\nBjorg - Boisson au soja saveur chocolat\n\n3,95 €\n\n3,95 € / litre\n","\n    \n            \n            \n        \n          \n          \n                                                            \n                    \n                  \n                                                                    \n          \n          \n                      \n            \n        \n        \n          \n\n                      \n              1L            \n          \n        \n      \n\n        \n        \n          Bjorg - Boisson au soja saveur vanille\n\n          \n          \n          La brique de 1L\n\n        \n\n        \n\n\n\n                    \n\n\n           \n                     \n\n\n\n        \n        \n        \n\n                        \n        \n        \n\n        \n\n          \n            \n              3,95 €  \n              au lieu de 3,95 €  \n\n              \n                soit \n                \n                                                            3,95 €                                                             \n\n                                      / litre    \n                                                            \n                  \n\n                                              \n            \n\n          \n        \n\n      \n\n      \n\n                              \n              \n              \n              \n            \n                                    \n\n\n                        \n              \n              \n          \n                                      \n\n      \n        Produit ajouté au panier ✓\n      \n      Stock disponible : 65 max.\n\n    \n    \n\n  ","1L\nBjorg - Boisson au soja saveur vanille\n\n3,95 €\n\n3,95 € / litre\n","\n    \n            \n            \n        \n          \n          \n                                                            \n                    \n                  \n                                                                    \n          \n          \n                      \n            \n        \n        \n          \n\n                      \n              1L            \n          \n        \n      \n\n        \n        \n          Bjorg - Boisson gourmande amande-noisette\n\n          \n          \n          La brique de 1L\n\n        \n\n        \n\n\n\n                    \n\n\n           \n                     \n\n\n\n        \n        \n        \n\n                        \n        \n        \n\n        \n\n          \n            \n              5,09 €  \n              au lieu de 5,09 €  \n\n              \n                soit \n                \n                                                            5,09 €                                                             \n\n                                      / litre    \n                                                            \n                  \n\n                                              \n            \n\n          \n        \n\n      \n\n      \n\n                              \n              \n              \n              \n            \n                                    \n\n\n                        \n              \n              \n          \n                                      \n\n      \n        Produit ajouté au panier ✓\n      \n      Stock disponible : 17 max.\n\n    \n    \n\n  ","1L\nBjorg - Boisson gourmande amande-noisette\n\n5,09 €\n\n5,09 € / litre\n","\n    \n            \n            \n        \n          \n          \n                                                            \n                    \n                  \n                                                                    \n          \n          \n                      \n            \n        \n        \n          \n\n                      \n              1L            \n          \n        \n      \n\n        \n        \n          Bjorg - Boisson à l'amande saveur vanille\n\n          \n          \n          La brique de 1L\n\n        \n\n        \n\n\n\n                    \n\n\n           \n                     \n\n\n\n        \n        \n        \n\n                        \n        \n        \n\n        \n\n          \n            \n              3,95 €  \n              au lieu de 3,95 €  \n\n              \n                soit \n                \n                                                            3,95 €                                                             \n\n                                      / litre    \n                                                            \n                  \n\n                                              \n            \n\n          \n        \n\n      \n\n      \n\n                              \n              \n              \n              \n            \n                                    \n\n\n                        \n              \n              \n          \n                                      \n\n      \n        Produit ajouté au panier ✓\n      \n      Stock disponible : 62 max.\n\n    \n    \n\n  ","1L\nBjorg - Boisson à l'amande saveur vanille\n\n3,95 €\n\n3,95 € / litre\n","\n    \n            \n            \n        \n          \n          \n                                                                                              \n          \n          \n                      \n            \n        \n        \n          \n\n          \n        \n      \n\n        \n        \n          Boisson Avoine Nature Bio\n\n          \n          \n          La brique de 1L\n\n        \n\n        \n\n\n\n                                                        \n                    \n\n\n           \n                     \n\n\n\n        \n        \n        \n\n                          \n            \n                          \n                                            \n                \n        \n        \n\n        \n\n          \n            \n              2,95 €  \n              au lieu de 2,95 €  \n\n              \n                soit \n                \n                                                            2,95 €                                                             \n\n                                      / litre    \n                                                            \n                  \n\n                                              \n            \n\n          \n        \n\n      \n\n      \n\n                              \n              \n              \n              \n            \n                                    \n\n\n                        \n              \n              \n          \n                                      \n\n      \n        Produit ajouté au panier ✓\n      \n      Stock disponible : 12 max.\n\n    \n    \n\n  ","Boisson Avoine Nature Bio\n\n2,95 €\n\n2,95 € / litre\n","\n    \n            \n            \n        \n          \n          \n                                                                                              \n          \n          \n                      \n            \n        \n        \n          \n\n          \n        \n      \n\n        \n        \n          Boisson millet amande & noisette Bio\n\n          \n          \n          La brique de 1L\n\n        \n\n        \n\n\n\n                                                        \n                    \n\n\n           \n                     \n\n\n\n        \n        \n        \n\n                          \n            \n                          \n                                            \n                \n        \n        \n\n        \n\n          \n            \n              4,00 €  \n              au lieu de 4,00 €  \n\n              \n                soit \n                \n                                                            4,00 €                                                             \n\n                                      / litre    \n                                                            \n                  \n\n                                              \n            \n\n          \n        \n\n      \n\n      \n\n                              \n              \n              \n              \n            \n                                    \n\n\n                        \n              \n              \n          \n                                      \n\n      \n        Produit ajouté au panier ✓\n      \n      Stock disponible : 18 max.\n\n    \n    \n\n  ","Boisson millet amande & noisette Bio\n\n4,00 €\n\n4,00 € / litre\n","\n    \n            \n            \n        \n          \n          \n                                                                                              \n          \n          \n                      \n            \n        \n        \n          \n\n                      \n              1L            \n          \n        \n      \n\n        \n        \n          Dr Martins - Lait de coco\n\n          \n          \n          La brique de 1L\n\n        \n\n        \n\n\n\n                                                        \n                    \n\n\n           \n                     \n\n\n\n        \n        \n        \n\n                          \n            \n                          \n                                            \n                \n        \n        \n\n        \n\n          \n            \n              4,40 €  \n              au lieu de 4,40 €  \n\n              \n                soit \n                \n                                                            4,40 €                                                             \n\n                                      / litre    \n                                                            \n                  \n\n                                              \n            \n\n          \n        \n\n      \n\n      \n\n                              \n              \n              \n              \n            \n                                    \n\n\n                        \n              \n              \n          \n                                      \n\n      \n        Produit ajouté au panier ✓\n      \n      Stock disponible : 26 max.\n\n    \n    \n\n  ","1L\nDr Martins - Lait de coco\n\n4,40 €\n\n4,40 € / litre\n","\n    \n            \n            \n        \n          \n          \n                                                                                              \n          \n          \n                      \n            \n        \n        \n          \n\n                      \n              1L            \n          \n        \n      \n\n        \n        \n          Evernat - Boisson douceur d'amande & vanille\n\n          \n          \n          La bouteille de 1L\n\n        \n\n        \n\n\n\n                                                        \n                    \n\n\n           \n                     \n\n\n\n        \n        \n        \n\n                          \n            \n                          \n                                            \n                \n        \n        \n\n        \n\n          \n            \n              5,45 €  \n              au lieu de 5,45 €  \n\n              \n                soit \n                \n                                                            5,45 €                                                             \n\n                                      / litre    \n                                                            \n                  \n\n                                              \n            \n\n          \n        \n\n      \n\n      \n\n                              \n              \n              \n              \n            \n                                    \n\n\n                        \n              \n              \n          \n                                      \n\n      \n        Produit ajouté au panier ✓\n      \n      Stock disponible : 6 max.\n\n    \n    \n\n  ","1L\nEvernat - Boisson douceur d'amande & vanille\n\n5,45 €\n\n5,45 € / litre\n","\n    \n            \n            \n        \n          \n          \n                                                                                              \n          \n          \n                      \n            \n        \n        \n          \n\n                      \n              1L            \n          \n        \n      \n\n        \n        \n          La Mandorle - Lait d'amande coco\n\n          \n          \n          La brique de 1L\n\n        \n\n        \n\n\n\n                                                        \n                    \n\n\n           \n                     \n\n\n\n        \n        \n        \n\n                          \n            \n                          \n                                            \n                \n        \n        \n\n        \n\n          \n            \n              6,60 €  \n              au lieu de 6,60 €  \n\n              \n                soit \n                \n                                                            6,60 €                                                             \n\n                                      / litre    \n                                                            \n                  \n\n                                              \n            \n\n          \n        \n\n      \n\n      \n\n                              \n              \n              \n              \n            \n                                    \n\n\n                        \n              \n              \n          \n                                      \n\n      \n        Produit ajouté au panier ✓\n      \n      Stock disponible : 11 max.\n\n    \n    \n\n  ","1L\nLa Mandorle - Lait d'amande coco\n\n6,60 €\n\n6,60 € / litre\n","\n    \n            \n            \n        \n          \n          \n                                                                                              \n          \n          \n                      \n            \n        \n        \n          \n\n                      \n              1L            \n          \n        \n      \n\n        \n        \n          Lima - Boisson à l'avoine & vanille\n\n          \n          \n          La brique de 1L\n\n        \n\n        \n\n\n\n                                                        \n                    \n\n\n           \n                     \n\n\n\n        \n        \n        \n\n                          \n            \n                          \n                                            \n                \n        \n        \n\n        \n\n          \n            \n              3,20 €  \n              au lieu de 3,20 €  \n\n              \n                soit \n                \n                                                            3,20 €                                                             \n\n                                      / litre    \n                                                            \n                  \n\n                                              \n            \n\n          \n        \n\n      \n\n      \n\n                          \n\n\n                                Bientôt disponible\n                              \n\n      \n        Produit ajouté au panier ✓\n      \n      Stock disponible : 0 max.\n\n    \n          \n        Produit hors stock\n      \n      \n\n  ","1L\nLima - Boisson à l'avoine & vanille\n\n3,20 €\n\n3,20 € / litre\n\nBientôt disponible","\n    \n            \n            \n        \n          \n          \n                                                                                              \n          \n          \n                      \n            \n        \n        \n          \n\n                      \n              1L            \n          \n        \n      \n\n        \n        \n          Thaï Kitchen - Lait de coco\n\n          \n          \n          La brique de 1L\n\n        \n\n        \n\n\n\n                    \n\n\n           \n                     \n\n\n\n        \n        \n        \n\n                        \n        \n        \n\n        \n\n          \n            \n              6,65 €  \n              au lieu de 6,65 €  \n\n              \n                soit \n                \n                                                            6,65 €                                                             \n\n                                      / litre    \n                                                            \n                  \n\n                                              \n            \n\n          \n        \n\n      \n\n      \n\n                              \n              \n              \n              \n            \n                                    \n\n\n                        \n              \n              \n          \n                                      \n\n      \n        Produit ajouté au panier ✓\n      \n      Stock disponible : 16 max.\n\n    \n    \n\n  ","1L\nThaï Kitchen - Lait de coco\n\n6,65 €\n\n6,65 € / litre\n","\n    \n            \n            \n        \n          \n          \n                                                                                              \n          \n          \n                      \n            \n        \n        \n          \n\n          \n        \n      \n\n        \n        \n          Boisson au Riz Rice Drink calcium Bio\n\n          \n          \n          La brique de 1L\n\n        \n\n        \n\n\n\n                                                        \n                    \n\n\n           \n                     \n\n\n\n        \n        \n        \n\n                          \n            \n                          \n                                            \n                \n        \n        \n\n        \n\n          \n            \n              3,05 €  \n              au lieu de 3,05 €  \n\n              \n                soit \n                \n                                                            3,05 €                                                             \n\n                                      / litre    \n                                                            \n                  \n\n                                              \n            \n\n          \n        \n\n      \n\n      \n\n                              \n              \n              \n              \n            \n                                    \n\n\n                        \n              \n              \n          \n                                      \n\n      \n        Produit ajouté au panier ✓\n      \n      Stock disponible : 4 max.\n\n    \n    \n\n  ","Boisson au Riz Rice Drink calcium Bio\n\n3,05 €\n\n3,05 € / litre\n","\n    \n            \n            \n        \n          \n          \n                                                                                              \n          \n          \n                      \n            \n        \n        \n          \n\n                      \n              1L            \n          \n        \n      \n\n        \n        \n          The Bridge - Boisson à l'avoine calcium\n\n          \n          \n          La brique de 1L\n\n        \n\n        \n\n\n\n                                                        \n                    \n\n\n           \n                     \n\n\n\n        \n        \n                                        \n              \n            \n                                                \n\n                          \n            \n                          \n                                            \n                \n        \n        \n\n        \n\n          \n            \n              3,40 €  \n              au lieu de 3,40 €  \n\n              \n                soit \n                \n                                                            3,40 €                                                             \n\n                                      / litre    \n                                                            \n                  \n\n                                              \n            \n\n          \n        \n\n      \n\n      \n\n                              \n              \n              \n              \n            \n                                    \n\n\n                        \n              \n              \n          \n                                      \n\n      \n        Produit ajouté au panier ✓\n      \n      Stock disponible : 2 max.\n\n    \n    \n\n  ","1L\nThe Bridge - Boisson à l'avoine calcium\n\n3,40 €\n\n3,40 € / litre\n","\n    \n            \n            \n        \n          \n          \n                                                                                              \n          \n          \n                      \n            \n        \n        \n          \n\n                      \n              1L            \n          \n        \n      \n\n        \n        \n          The Bridge - Boisson à l'avoine sans gluten\n\n          \n          \n          La brique de 1L\n\n        \n\n        \n\n\n\n                                                        \n                    \n\n\n           \n                     \n\n\n\n        \n        \n        \n\n                          \n            \n                          \n                                            \n                \n        \n        \n\n        \n\n          \n            \n              2,95 €  \n              au lieu de 2,95 €  \n\n              \n                soit \n                \n                                                            2,95 €                                                             \n\n                                      / litre    \n                                                            \n                  \n\n                                              \n            \n\n          \n        \n\n      \n\n      \n\n                              \n              \n              \n              \n            \n                                    \n\n\n                        \n              \n              \n          \n                                      \n\n      \n        Produit ajouté au panier ✓\n      \n      Stock disponible : 6 max.\n\n    \n    \n\n  ","1L\nThe Bridge - Boisson à l'avoine sans gluten\n\n2,95 €\n\n2,95 € / litre\n","\n    \n            \n            \n        \n          \n          \n                                                            \n                    \n                  \n                                                                    \n          \n          \n                      \n            \n        \n        \n          \n\n                      \n              250g            \n          \n        \n      \n\n        \n        \n          Président - Beurre doux\n\n          \n          \n          Le paquet de 250g\n\n        \n\n        \n\n\n\n                    \n\n\n           \n                     \n\n\n\n        \n        \n                                                                      \n              \n            \n                  \n\n                        \n        \n        \n\n        \n\n          \n            \n              3,99 €  \n              au lieu de 3,99 €  \n\n              \n                soit \n                \n                                                            15,96 €                                                             \n\n                                          \n                    / KG                                        \n                  \n\n                                              \n            \n\n          \n        \n\n      \n\n      \n\n                          \n\n\n                                Bientôt disponible\n                              \n\n      \n        Produit ajouté au panier ✓\n      \n      Stock disponible : 0 max.\n\n    \n          \n        Produit hors stock\n      \n      \n\n  ","250g\nPrésident - Beurre doux\n\n3,99 €\n\n15,96 € / KG\n\nBientôt disponible","\n    \n            \n            \n        \n          \n          \n                                                            \n                    \n                  \n                                                                    \n          \n          \n                      \n            \n        \n        \n          \n\n                      \n              125g            \n          \n        \n      \n\n        \n        \n          Président - Beurrier doux\n\n          \n          \n          La barquette de 125g\n\n        \n\n        \n\n\n\n                    \n\n\n           \n                     \n\n\n\n        \n        \n                                                                      \n              \n            \n                  \n\n                        \n        \n        \n\n        \n\n          \n            \n              2,75 €  \n              au lieu de 2,75 €  \n\n              \n                soit \n                \n                                                            22,00 €                                                             \n\n                                          \n                    / KG                                        \n                  \n\n                                              \n            \n\n          \n        \n\n      \n\n      \n\n                              \n              \n              \n              \n            \n                                    \n\n\n                        \n              \n              \n          \n                                      \n\n      \n        Produit ajouté au panier ✓\n      \n      Stock disponible : 20 max.\n\n    \n    \n\n  ","125g\nPrésident - Beurrier doux\n\n2,75 €\n\n22,00 € / KG\n","\n    \n            \n            \n        \n          \n          \n                                                            \n                    \n                  \n                                                                    \n          \n          \n                      \n            \n        \n        \n          \n\n                      \n              250g            \n          \n        \n      \n\n        \n        \n          Président - Beurrier doux\n\n          \n          \n          La barquette de 250g\n\n        \n\n        \n\n\n\n                    \n\n\n           \n                     \n\n\n\n        \n        \n                                                                      \n              \n            \n                  \n\n                        \n        \n        \n\n        \n\n          \n            \n              4,59 €  \n              au lieu de 4,59 €  \n\n              \n                soit \n                \n                                                            18,36 €                                                             \n\n                                          \n                    / KG                                        \n                  \n\n                                              \n            \n\n          \n        \n\n      \n\n      \n\n                              \n              \n              \n              \n            \n                                    \n\n\n                        \n              \n              \n          \n                                      \n\n      \n        Produit ajouté au panier ✓\n      \n      Stock disponible : 44 max.\n\n    \n    \n\n  ","250g\nPrésident - Beurrier doux\n\n4,59 €\n\n18,36 € / KG\n","\n    \n            \n            \n        \n          \n          \n                                                            \n                    \n                  \n                                                                    \n          \n          \n                      \n            \n        \n        \n          \n\n                      \n              250g            \n          \n        \n      \n\n        \n        \n          Paysan Breton - Beurre doux\n\n          \n          \n          La plaquette de 250g\n\n        \n\n        \n\n\n\n                    \n\n\n           \n                     \n\n\n\n        \n        \n                                                                      \n              \n            \n                  \n\n                        \n        \n        \n\n        \n\n          \n            \n              4,05 €  \n              au lieu de 4,05 €  \n\n              \n                soit \n                \n                                                            16,20 €                                                             \n\n                                          \n                    / KG                                        \n                  \n\n                                              \n            \n\n          \n        \n\n      \n\n      \n\n                              \n              \n              \n              \n            \n                                    \n\n\n                        \n              \n              \n          \n                                      \n\n      \n        Produit ajouté au panier ✓\n      \n      Stock disponible : 82 max.\n\n    \n    \n\n  ","250g\nPaysan Breton - Beurre doux\n\n4,05 €\n\n16,20 € / KG\n","\n    \n            \n            \n        \n          \n          \n                      \n          \n          \n                      \n            \n        \n        \n          \n\n                      \n              250g            \n          \n        \n      \n\n        \n        \n          Pâturages - Beurre gastronomique demi-sel\n\n          \n          \n          La barquette de 250g\n\n        \n\n        \n\n\n\n                    \n\n\n           \n                     \n\n\n\n        \n        \n                                                                      \n              \n            \n                  \n\n                        \n        \n        \n\n        \n\n          \n            \n              2,99 €  \n              au lieu de 2,99 €  \n\n              \n                soit \n                \n                                                            11,96 €                                                             \n\n                                          \n                    / KG                                        \n                  \n\n                                              \n            \n\n          \n        \n\n      \n\n      \n\n                              \n              \n              \n              \n            \n                                    \n\n\n                        \n              \n              \n          \n                                      \n\n      \n        Produit ajouté au panier ✓\n      \n      Stock disponible : 21 max.\n\n    \n    \n\n  ","250g\nPâturages - Beurre gastronomique demi-sel\n\n2,99 €\n\n11,96 € / KG\n","\n    \n            \n            \n        \n          \n          \n                                                            \n                    \n                  \n                                                                    \n          \n          \n                      \n            \n        \n        \n          \n\n                      \n              250g            \n          \n        \n      \n\n        \n        \n          PAT BIO BEURRE MOULE DX 250G\n\n          \n          \n          La plaquette de 250g\n\n        \n\n        \n\n\n\n                    \n\n\n           \n                     \n\n\n\n        \n        \n                                                                      \n              \n            \n                  \n\n                        \n        \n        \n\n        \n\n          \n            \n              3,65 €  \n              au lieu de 3,65 €  \n\n              \n                soit \n                \n                                                            14,60 €                                                             \n\n                                          \n                    / KG                                        \n                  \n\n                                              \n            \n\n          \n        \n\n      \n\n      \n\n                              \n              \n              \n              \n            \n                                    \n\n\n                        \n              \n              \n          \n                                      \n\n      \n        Produit ajouté au panier ✓\n      \n      Stock disponible : 64 max.\n\n    \n    \n\n  ","250g\nPAT BIO BEURRE MOULE DX 250G\n\n3,65 €\n\n14,60 € / KG\n","\n    \n            \n            \n        \n          \n          \n                                                            \n                    \n                  \n                                                                    \n          \n          \n                      \n            \n        \n        \n          \n\n                      \n              250g            \n          \n        \n      \n\n        \n        \n          Pâturage- beurre doux 250G\n\n          \n          \n          La plaquette de 250g\n\n        \n\n        \n\n\n\n                    \n\n\n           \n                     \n\n\n\n        \n        \n        \n\n                        \n        \n        \n\n        \n\n          \n            \n              2,85 €  \n              au lieu de 2,85 €  \n\n              \n                soit \n                \n                                                            11,40 €                                                             \n\n                                          \n                    / KG                                        \n                  \n\n                                              \n            \n\n          \n        \n\n      \n\n      \n\n                          \n\n\n                                Bientôt disponible\n                              \n\n      \n        Produit ajouté au panier ✓\n      \n      Stock disponible : 0 max.\n\n    \n          \n        Produit hors stock\n      \n      \n\n  ","250g\nPâturage- beurre doux 250G\n\n2,85 €\n\n11,40 € / KG\n\nBientôt disponible","\n    \n            \n            \n        \n          \n          \n                                                            \n                    \n                  \n                                                                    \n          \n          \n                      \n            \n        \n        \n          \n\n                      \n              250g            \n          \n        \n      \n\n        \n        \n          Primevère - Margarine demi-sel 100% végétale\n\n          \n          \n          Le paquet de 250g\n\n        \n\n        \n\n\n\n                    \n\n\n           \n                     \n\n\n\n        \n        \n                                                            \n              \n            \n                            \n\n                        \n        \n        \n\n        \n\n          \n            \n              3,95 €  \n              au lieu de 3,95 €  \n\n              \n                soit \n                \n                                                            15,80 €                                                             \n\n                                          \n                    / KG                                        \n                  \n\n                                              \n            \n\n          \n        \n\n      \n\n      \n\n                              \n              \n              \n              \n            \n                                    \n\n\n                        \n              \n              \n          \n                                      \n\n      \n        Produit ajouté au panier ✓\n      \n      Stock disponible : 8 max.\n\n    \n    \n\n  ","250g\nPrimevère - Margarine demi-sel 100% végétale\n\n3,95 €\n\n15,80 € / KG\n","\n    \n            \n            \n        \n          \n          \n                                                            \n                    \n                  \n                                                                    \n          \n          \n                      \n            \n        \n        \n          \n\n                      \n              250g            \n          \n        \n      \n\n        \n        \n          Primevère - Margarine doux 100% végétale\n\n          \n          \n          Le paquet de 250g\n\n        \n\n        \n\n\n\n                    \n\n\n           \n                     \n\n\n\n        \n        \n                                                            \n              \n            \n                            \n\n                        \n        \n        \n\n        \n\n          \n            \n              3,75 €  \n              au lieu de 3,75 €  \n\n              \n                soit \n                \n                                                            15,00 €                                                             \n\n                                          \n                    / KG                                        \n                  \n\n                                              \n            \n\n          \n        \n\n      \n\n      \n\n                              \n              \n              \n              \n            \n                                    \n\n\n                        \n              \n              \n          \n                                      \n\n      \n        Produit ajouté au panier ✓\n      \n      Stock disponible : 7 max.\n\n    \n    \n\n  ","250g\nPrimevère - Margarine doux 100% végétale\n\n3,75 €\n\n15,00 € / KG\n","\n    \n            \n            \n        \n          \n          \n                                                            \n                    \n                  \n                                                                    \n          \n          \n                      \n            \n        \n        \n          \n\n                      \n              250g            \n          \n        \n      \n\n        \n        \n          Sovaco - Beurre doux\n\n          \n          \n          Le paquet de 250g\n\n        \n\n        \n\n\n\n                    \n\n\n           \n                     \n\n\n\n        \n        \n                                                                      \n              \n            \n                  \n\n                        \n        \n        \n\n        \n\n          \n            \n              4,19 €  \n              au lieu de 4,19 €  \n\n              \n                soit \n                \n                                                            16,76 €                                                             \n\n                                          \n                    / KG                                        \n                  \n\n                                              \n            \n\n          \n        \n\n      \n\n      \n\n                              \n              \n              \n              \n            \n                                    \n\n\n                        \n              \n              \n          \n                                      \n\n      \n        Produit ajouté au panier ✓\n      \n      Stock disponible : 10 max.\n\n    \n    \n\n  ","250g\nSovaco - Beurre doux\n\n4,19 €\n\n16,76 € / KG\n","\n    \n            \n            \n        \n          \n          \n                                                            \n                    \n                  \n                                                                    \n          \n          \n                      \n            \n        \n        \n          \n\n                      \n              250g            \n          \n        \n      \n\n        \n        \n          Leader Price - Beurre doux\n\n          \n          \n          Le paquet de 250g\n\n        \n\n        \n\n\n\n                    \n\n\n           \n                     \n\n\n\n        \n        \n                                                                      \n              \n            \n                  \n\n                        \n        \n        \n\n        \n\n          \n            \n              3,29 €  \n              au lieu de 3,29 €  \n\n              \n                soit \n                \n                                                            13,16 €                                                             \n\n                                          \n                    / KG                                        \n                  \n\n                                              \n            \n\n          \n        \n\n      \n\n      \n\n                              \n              \n              \n              \n            \n                                    \n\n\n                        \n              \n              \n          \n                                      \n\n      \n        Produit ajouté au panier ✓\n      \n      Stock disponible : 97 max.\n\n    \n    \n\n  ","250g\nLeader Price - Beurre doux\n\n3,29 €\n\n13,16 € / KG\n","\n    \n            \n            \n        \n          \n          \n                                                            \n                    \n                  \n                                                                    \n          \n          \n                      \n            \n        \n        \n          \n\n                      \n              250g            \n          \n        \n      \n\n        \n        \n          Président - Beurre demi-sel\n\n          \n          \n          Le paquet de 250g\n\n        \n\n        \n\n\n\n                    \n\n\n           \n                     \n\n\n\n        \n        \n                                                                      \n              \n            \n                  \n\n                        \n        \n        \n\n        \n\n          \n            \n              3,99 €  \n              au lieu de 3,99 €  \n\n              \n                soit \n                \n                                                            15,96 €                                                             \n\n                                          \n                    / KG                                        \n                  \n\n                                              \n            \n\n          \n        \n\n      \n\n      \n\n                              \n              \n              \n              \n            \n                                    \n\n\n                        \n              \n              \n          \n                                      \n\n      \n        Produit ajouté au panier ✓\n      \n      Stock disponible : 56 max.\n\n    \n    \n\n  ","250g\nPrésident - Beurre demi-sel\n\n3,99 €\n\n15,96 € / KG\n","\n    \n            \n            \n        \n          \n          \n                                                            \n                    \n                  \n                                                                    \n          \n          \n                      \n            \n        \n        \n          \n\n                      \n              250g            \n          \n        \n      \n\n        \n        \n          Président - Beurrier demi-sel\n\n          \n          \n          La barquette de 250g\n\n        \n\n        \n\n\n\n                    \n\n\n           \n                     \n\n\n\n        \n        \n                                                                      \n              \n            \n                  \n\n                        \n        \n        \n\n        \n\n          \n            \n              4,75 €  \n              au lieu de 4,75 €  \n\n              \n                soit \n                \n                                                            19,00 €                                                             \n\n                                          \n                    / KG                                        \n                  \n\n                                              \n            \n\n          \n        \n\n      \n\n      \n\n                              \n              \n              \n              \n            \n                                    \n\n\n                        \n              \n              \n          \n                                      \n\n      \n        Produit ajouté au panier ✓\n      \n      Stock disponible : 21 max.\n\n    \n    \n\n  ","250g\nPrésident - Beurrier demi-sel\n\n4,75 €\n\n19,00 € / KG\n","\n    \n            \n            \n        \n          \n          \n                                                            \n                    \n                  \n                                                                    \n          \n          \n                      \n            \n        \n        \n          \n\n                      \n              125g            \n          \n        \n      \n\n        \n        \n          Président - Beurrier tendre demi-sel\n\n          \n          \n          Le paquet de 125g\n\n        \n\n        \n\n\n\n                    \n\n\n           \n                     \n\n\n\n        \n        \n                                                                      \n              \n            \n                  \n\n                        \n        \n        \n\n        \n\n          \n            \n              3,15 €  \n              au lieu de 3,15 €  \n\n              \n                soit \n                \n                                                            25,20 €                                                             \n\n                                          \n                    / KG                                        \n                  \n\n                                              \n            \n\n          \n        \n\n      \n\n      \n\n                              \n              \n              \n              \n            \n                                    \n\n\n                        \n              \n              \n          \n                                      \n\n      \n        Produit ajouté au panier ✓\n      \n      Stock disponible : 9 max.\n\n    \n    \n\n  ","125g\nPrésident - Beurrier tendre demi-sel\n\n3,15 €\n\n25,20 € / KG\n","\n    \n            \n            \n        \n          \n          \n                                                            \n                    \n                  \n                                                                    \n          \n          \n                      \n            \n        \n        \n          \n\n                      \n              250g            \n          \n        \n      \n\n        \n        \n          Paysan Breton - Beurre demi-sel\n\n          \n          \n          Le paquet de 250g\n\n        \n\n        \n\n\n\n                    \n\n\n           \n                     \n\n\n\n        \n        \n                                                                      \n              \n            \n                  \n\n                        \n        \n        \n\n        \n\n          \n            \n              4,19 €  \n              au lieu de 4,19 €  \n\n              \n                soit \n                \n                                                            16,76 €                                                             \n\n                                          \n                    / KG                                        \n                  \n\n                                              \n            \n\n          \n        \n\n      \n\n      \n\n                              \n              \n              \n              \n            \n                                    \n\n\n                        \n              \n              \n          \n                                      \n\n      \n        Produit ajouté au panier ✓\n      \n      Stock disponible : 9 max.\n\n    \n    \n\n  ","250g\nPaysan Breton - Beurre demi-sel\n\n4,19 €\n\n16,76 € / KG\n","\n    \n            \n            \n        \n          \n          \n                                                            \n                    \n                  \n                                                                    \n          \n          \n                      \n            \n        \n        \n          \n\n                      \n              250g            \n          \n        \n      \n\n        \n        \n          Paysan Breton - Beurre moulé demi-sel\n\n          \n          \n          La plaquette de 250g\n\n        \n\n        \n\n\n\n                    \n\n\n           \n                     \n\n\n\n        \n        \n                                                                      \n              \n            \n                  \n\n                        \n        \n        \n\n        \n\n          \n            \n              4,35 €  \n              au lieu de 4,35 €  \n\n              \n                soit \n                \n                                                            17,40 €                                                             \n\n                                          \n                    / KG                                        \n                  \n\n                                              \n            \n\n          \n        \n\n      \n\n      \n\n                              \n              \n              \n              \n            \n                                    \n\n\n                        \n              \n              \n          \n                                      \n\n      \n        Produit ajouté au panier ✓\n      \n      Stock disponible : 85 max.\n\n    \n    \n\n  ","250g\nPaysan Breton - Beurre moulé demi-sel\n\n4,35 €\n\n17,40 € / KG\n","\n    \n            \n            \n        \n          \n          \n                      \n          \n          \n                      \n            \n        \n        \n          \n\n                      \n              250g            \n          \n        \n      \n\n        \n        \n          Pâturages - Beurre demi-sel BIO\n\n          \n          \n          La plaquette de 250g\n\n        \n\n        \n\n\n\n                    \n\n\n           \n                     \n\n\n\n        \n        \n                                                                      \n              \n            \n                  \n\n                        \n        \n        \n\n        \n\n          \n            \n              3,85 €  \n              au lieu de 3,85 €  \n\n              \n                soit \n                \n                                                            15,40 €                                                             \n\n                                          \n                    / KG                                        \n                  \n\n                                              \n            \n\n          \n        \n\n      \n\n      \n\n                              \n              \n              \n              \n            \n                                    \n\n\n                        \n              \n              \n          \n                                      \n\n      \n        Produit ajouté au panier ✓\n      \n      Stock disponible : 66 max.\n\n    \n    \n\n  ","250g\nPâturages - Beurre demi-sel BIO\n\n3,85 €\n\n15,40 € / KG\n","\n    \n            \n            \n        \n          \n          \n                                                            \n                    \n                  \n                                                                    \n          \n          \n                      \n            \n        \n        \n          \n\n                      \n              250g            \n          \n        \n      \n\n        \n        \n          PAT BEURRE 1/2S PQ 250G\n\n          \n          \n          La plaquette de 250g\n\n        \n\n        \n\n\n\n                    \n\n\n           \n                     \n\n\n\n        \n        \n                                                                      \n              \n            \n                  \n\n                        \n        \n        \n\n        \n\n          \n            \n              3,19 €  \n              au lieu de 3,19 €  \n\n              \n                soit \n                \n                                                            12,76 €                                                             \n\n                                          \n                    / KG                                        \n                  \n\n                                              \n            \n\n          \n        \n\n      \n\n      \n\n                          \n\n\n                                Bientôt disponible\n                              \n\n      \n        Produit ajouté au panier ✓\n      \n      Stock disponible : 0 max.\n\n    \n          \n        Produit hors stock\n      \n      \n\n  ","250g\nPAT BEURRE 1/2S PQ 250G\n\n3,19 €\n\n12,76 € / KG\n\nBientôt disponible","\n    \n            \n            \n        \n          \n          \n                                                            \n                    \n                  \n                                                                    \n          \n          \n                      \n            \n        \n        \n          \n\n                      \n              250g            \n          \n        \n      \n\n        \n        \n          Sovaco - Beurre demi-sel\n\n          \n          \n          Le paquet de 250g\n\n        \n\n        \n\n\n\n                    \n\n\n           \n                     \n\n\n\n        \n        \n                                                                      \n              \n            \n                  \n\n                        \n        \n        \n\n        \n\n          \n            \n              4,35 €  \n              au lieu de 4,35 €  \n\n              \n                soit \n                \n                                                            17,40 €                                                             \n\n                                          \n                    / KG                                        \n                  \n\n                                              \n            \n\n          \n        \n\n      \n\n      \n\n                              \n              \n              \n              \n            \n                                    \n\n\n                        \n              \n              \n          \n                                      \n\n      \n        Produit ajouté au panier ✓\n      \n      Stock disponible : 11 max.\n\n    \n    \n\n  ","250g\nSovaco - Beurre demi-sel\n\n4,35 €\n\n17,40 € / KG\n","\n    \n            \n            \n        \n          \n          \n                                                            \n                    \n                  \n                                                                    \n          \n          \n                      \n            \n        \n        \n          \n\n                      \n              20cl            \n          \n        \n      \n\n        \n        \n          Leader Price - Crème fraîche épaisse 30% MG\n\n          \n          \n          Le pot de 20cl\n\n        \n\n        \n\n\n\n                    \n\n\n           \n                     \n\n\n\n        \n        \n        \n\n                        \n        \n        \n\n        \n\n          \n            \n              1,69 €  \n              au lieu de 1,69 €  \n\n              \n                soit \n                \n                                                            8,45 €                                                             \n\n                                      / litre    \n                                                            \n                  \n\n                                              \n            \n\n          \n        \n\n      \n\n      \n\n                          \n\n\n                                Bientôt disponible\n                              \n\n      \n        Produit ajouté au panier ✓\n      \n      Stock disponible : 0 max.\n\n    \n          \n        Produit hors stock\n      \n      \n\n  ","20cl\nLeader Price - Crème fraîche épaisse 30% MG\n\n1,69 €\n\n8,45 € / litre\n\nBientôt disponible","\n    \n            \n            \n        \n          \n          \n                                                            \n                    \n                  \n                                                                    \n          \n          \n                      \n            \n        \n        \n          \n\n                      \n              250g            \n          \n        \n      \n\n        \n        \n          Leader Price - Beurre demi-sel\n\n          \n          \n          Le paquet de 250g\n\n        \n\n        \n\n\n\n                    \n\n\n           \n                     \n\n\n\n        \n        \n                                                                      \n              \n            \n                  \n\n                        \n        \n        \n\n        \n\n          \n            \n              3,49 €  \n              au lieu de 3,49 €  \n\n              \n                soit \n                \n                                                            13,96 €                                                             \n\n                                          \n                    / KG                                        \n                  \n\n                                              \n            \n\n          \n        \n\n      \n\n      \n\n                              \n              \n              \n              \n            \n                                    \n\n\n                        \n              \n              \n          \n                                      \n\n      \n        Produit ajouté au panier ✓\n      \n      Stock disponible : 56 max.\n\n    \n    \n\n  ","250g\nLeader Price - Beurre demi-sel\n\n3,49 €\n\n13,96 € / KG\n","\n    \n            \n            \n        \n          \n          \n                                                            \n                    \n                  \n                                                                    \n          \n          \n                      \n            \n        \n        \n          \n\n                      \n              500g            \n          \n        \n      \n\n        \n        \n          Leader Price - Margarine spéciale cuisine\n\n          \n          \n          La plaquette de 500g\n\n        \n\n        \n\n\n\n                    \n\n\n           \n                     \n\n\n\n        \n        \n        \n\n                        \n        \n        \n\n        \n\n          \n            \n              2,05 €  \n              au lieu de 2,05 €  \n\n              \n                soit \n                \n                                                            4,10 €                                                             \n\n                                          \n                    / KG                                        \n                  \n\n                                              \n            \n\n          \n        \n\n      \n\n      \n\n                              \n              \n              \n              \n            \n                                    \n\n\n                        \n              \n              \n          \n                                      \n\n      \n        Produit ajouté au panier ✓\n      \n      Stock disponible : 11 max.\n\n    \n    \n\n  ","500g\nLeader Price - Margarine spéciale cuisine\n\n2,05 €\n\n4,10 € / KG\n","\n    \n            \n            \n        \n          \n          \n                      \n          \n          \n                      \n            \n        \n        \n          \n\n                      \n              500g            \n          \n        \n      \n\n        \n        \n          Bouton d'Or - Margarine Oméga 3 doux\n\n          \n          \n          La barquette de 500g\n\n        \n\n        \n\n\n\n                    \n\n\n           \n                     \n\n\n\n        \n        \n                                                  \n              \n            \n                                      \n\n                        \n        \n        \n\n        \n\n          \n            \n              2,49 €  \n              au lieu de 2,49 €  \n\n              \n                soit \n                \n                                                            4,98 €                                                             \n\n                                          \n                    / KG                                        \n                  \n\n                                              \n            \n\n          \n        \n\n      \n\n      \n\n                              \n              \n              \n              \n            \n                                    \n\n\n                        \n              \n              \n          \n                                      \n\n      \n        Produit ajouté au panier ✓\n      \n      Stock disponible : 6 max.\n\n    \n    \n\n  ","500g\nBouton d'Or - Margarine Oméga 3 doux\n\n2,49 €\n\n4,98 € / KG\n","\n    \n            \n            \n        \n          \n          \n                                                            \n                    \n                  \n                                                                    \n          \n          \n                      \n            \n        \n        \n          \n\n                      \n              250g            \n          \n        \n      \n\n        \n        \n          Planta fin - Margarine doux\n\n          \n          \n          La barquette de 250g\n\n        \n\n        \n\n\n\n                    \n\n\n           \n                     \n\n\n\n        \n        \n                                                            \n              \n            \n                            \n\n                        \n        \n        \n\n        \n\n          \n            \n              2,29 €  \n              au lieu de 2,29 €  \n\n              \n                soit \n                \n                                                            9,16 €                                                             \n\n                                          \n                    / KG                                        \n                  \n\n                                              \n            \n\n          \n        \n\n      \n\n      \n\n                          \n\n\n                                Bientôt disponible\n                              \n\n      \n        Produit ajouté au panier ✓\n      \n      Stock disponible : 0 max.\n\n    \n          \n        Produit hors stock\n      \n      \n\n  ","250g\nPlanta fin - Margarine doux\n\n2,29 €\n\n9,16 € / KG\n\nBientôt disponible","\n    \n            \n            \n        \n          \n          \n                                                            \n                    \n                  \n                                                                    \n          \n          \n                      \n            \n        \n        \n          \n\n                      \n              510g            \n          \n        \n      \n\n        \n        \n          Planta fin - Margarine doux\n\n          \n          \n          La barquette de 510g\n\n        \n\n        \n\n\n\n                    \n\n\n           \n                     \n\n\n\n        \n        \n                                                            \n              \n            \n                            \n\n                        \n        \n        \n\n        \n\n          \n            \n              4,49 €  \n              au lieu de 4,49 €  \n\n              \n                soit \n                \n                                                            8,80 €                                                             \n\n                                          \n                    / KG                                        \n                  \n\n                                              \n            \n\n          \n        \n\n      \n\n      \n\n                          \n\n\n                                Bientôt disponible\n                              \n\n      \n        Produit ajouté au panier ✓\n      \n      Stock disponible : 0 max.\n\n    \n          \n        Produit hors stock\n      \n      \n\n  ","510g\nPlanta fin - Margarine doux\n\n4,49 €\n\n8,80 € / KG\n\nBientôt disponible","\n    \n            \n            \n        \n          \n          \n                                                            \n                    \n                  \n                                                                    \n          \n          \n                      \n            \n        \n        \n          \n\n                      \n              250g            \n          \n        \n      \n\n        \n        \n          Fruit d'Or - Margarine doux Oméga 3\n\n          \n          \n          La barquette de 250g\n\n        \n\n        \n\n\n\n                    \n\n\n           \n                     \n\n\n\n        \n        \n                                                            \n              \n            \n                            \n\n                        \n        \n        \n\n        \n\n          \n            \n              3,05 €  \n              au lieu de 3,05 €  \n\n              \n                soit \n                \n                                                            12,20 €                                                             \n\n                                          \n                    / KG                                        \n                  \n\n                                              \n            \n\n          \n        \n\n      \n\n      \n\n                              \n              \n              \n              \n            \n                                    \n\n\n                        \n              \n              \n          \n                                      \n\n      \n        Produit ajouté au panier ✓\n      \n      Stock disponible : 8 max.\n\n    \n    \n\n  ","250g\nFruit d'Or - Margarine doux Oméga 3\n\n3,05 €\n\n12,20 € / KG\n","\n    \n            \n            \n        \n          \n          \n                                                            \n                    \n                  \n                                                                    \n          \n          \n                      \n            \n        \n        \n          \n\n                      \n              510g            \n          \n        \n      \n\n        \n        \n          Fruit d'Or - Margarine doux Oméga 3\n\n          \n          \n          La barquette de 510g\n\n        \n\n        \n\n\n\n                    \n\n\n           \n                     \n\n\n\n        \n        \n                                                            \n              \n            \n                            \n\n                        \n        \n        \n\n        \n\n          \n            \n              4,69 €  \n              au lieu de 4,69 €  \n\n              \n                soit \n                \n                                                            9,20 €                                                             \n\n                                          \n                    / KG                                        \n                  \n\n                                              \n            \n\n          \n        \n\n      \n\n      \n\n                              \n              \n              \n              \n            \n                                    \n\n\n                        \n              \n              \n          \n                                      \n\n      \n        Produit ajouté au panier ✓\n      \n      Stock disponible : 11 max.\n\n    \n    \n\n  ","510g\nFruit d'Or - Margarine doux Oméga 3\n\n4,69 €\n\n9,20 € / KG\n","\n    \n            \n            \n        \n          \n          \n                                                            \n                    \n                  \n                                                                    \n          \n          \n                      \n            \n        \n        \n          \n\n                      \n              250g            \n          \n        \n      \n\n        \n        \n          Bahier - Saindoux pur porc\n\n          \n          \n          Le paquet de 250g\n\n        \n\n        \n\n\n\n                    \n\n\n           \n                     \n\n\n\n        \n        \n                                                            \n              \n            \n                            \n\n                        \n        \n        \n\n        \n\n          \n            \n              2,15 €  \n              au lieu de 2,15 €  \n\n              \n                soit \n                \n                                                            8,60 €                                                             \n\n                                          \n                    / KG                                        \n                  \n\n                                              \n            \n\n          \n        \n\n      \n\n      \n\n                              \n              \n              \n              \n            \n                                    \n\n\n                        \n              \n              \n          \n                                      \n\n      \n        Produit ajouté au panier ✓\n      \n      Stock disponible : 26 max.\n\n    \n    \n\n  ","250g\nBahier - Saindoux pur porc\n\n2,15 €\n\n8,60 € / KG\n","\n    \n            \n            \n        \n          \n          \n                                                            \n                    \n                  \n                                                                    \n          \n          \n                      \n            \n        \n        \n          \n\n                      \n              900g            \n          \n        \n      \n\n        \n        \n          Leader Price - Margarine végétale\n\n          \n          \n          Le pot de 900g\n\n        \n\n        \n\n\n\n                    \n\n\n           \n                     \n\n\n\n        \n        \n                                                            \n              \n            \n                            \n\n                        \n        \n        \n\n        \n\n          \n            \n              3,75 €  \n              au lieu de 3,75 €  \n\n              \n                soit \n                \n                                                            4,17 €                                                             \n\n                                          \n                    / KG                                        \n                  \n\n                                              \n            \n\n          \n        \n\n      \n\n      \n\n                              \n              \n              \n              \n            \n                                    \n\n\n                        \n              \n              \n          \n                                      \n\n      \n        Produit ajouté au panier ✓\n      \n      Stock disponible : 5 max.\n\n    \n    \n\n  ","900g\nLeader Price - Margarine végétale\n\n3,75 €\n\n4,17 € / KG\n","\n    \n            \n            \n        \n          \n          \n                                                            \n                    \n                  \n                                                                    \n          \n          \n                      \n            \n        \n        \n          \n\n                      \n              50cL            \n          \n        \n      \n\n        \n        \n          Président - Crème entière UHT 35,1% MG\n\n          \n          \n          La brique de 50cL\n\n        \n\n        \n\n\n\n                    \n\n\n           \n                     \n\n\n\n        \n        \n                                                            \n              \n            \n                            \n\n                        \n        \n        \n\n        \n\n          \n            \n              4,39 €  \n              au lieu de 4,39 €  \n\n              \n                soit \n                \n                                                            8,78 €                                                             \n\n                                      / litre    \n                                                            \n                  \n\n                                              \n            \n\n          \n        \n\n      \n\n      \n\n                              \n              \n              \n              \n            \n                                    \n\n\n                        \n              \n              \n          \n                                      \n\n      \n        Produit ajouté au panier ✓\n      \n      Stock disponible : 10 max.\n\n    \n    \n\n  ","50cL\nPrésident - Crème entière UHT 35,1% MG\n\n4,39 €\n\n8,78 € / litre\n","\n    \n            \n            \n        \n          \n          \n                                                            \n                    \n                  \n                                                                    \n          \n          \n                      \n            \n        \n        \n          \n\n                      \n              20cL            \n          \n        \n      \n\n        \n        \n          Président - Crème liquide entière 35,1% MG\n\n          \n          \n          La brique de 20cL\n\n        \n\n        \n\n\n\n                    \n\n\n           \n                     \n\n\n\n        \n        \n                                                            \n              \n            \n                            \n\n                        \n        \n        \n\n        \n\n          \n            \n              1,99 €  \n              au lieu de 1,99 €  \n\n              \n                soit \n                \n                                                            9,95 €                                                             \n\n                                      / litre    \n                                                            \n                  \n\n                                              \n            \n\n          \n        \n\n      \n\n      \n\n                              \n              \n              \n              \n            \n                                    \n\n\n                        \n              \n              \n          \n                                      \n\n      \n        Produit ajouté au panier ✓\n      \n      Stock disponible : 18 max.\n\n    \n    \n\n  ","20cL\nPrésident - Crème liquide entière 35,1% MG\n\n1,99 €\n\n9,95 € / litre\n","\n    \n            \n            \n        \n          \n          \n                                                            \n                    \n                  \n                                                                    \n          \n          \n                      \n            \n        \n        \n          \n\n                      \n              20cL            \n          \n        \n      \n\n        \n        \n          Président - Crème liquide légère 4% MG\n\n          \n          \n          La brique de 20cL\n\n        \n\n        \n\n\n\n                    \n\n\n           \n                     \n\n\n\n        \n        \n                                        \n              \n            \n                                                \n\n                        \n        \n        \n\n        \n\n          \n            \n              1,99 €  \n              au lieu de 1,99 €  \n\n              \n                soit \n                \n                                                            9,95 €                                                             \n\n                                      / litre    \n                                                            \n                  \n\n                                              \n            \n\n          \n        \n\n      \n\n      \n\n                              \n              \n              \n              \n            \n                                    \n\n\n                        \n              \n              \n          \n                                      \n\n      \n        Produit ajouté au panier ✓\n      \n      Stock disponible : 13 max.\n\n    \n    \n\n  ","20cL\nPrésident - Crème liquide légère 4% MG\n\n1,99 €\n\n9,95 € / litre\n","\n    \n            \n            \n        \n          \n          \n                                                            \n                    \n                  \n                                                                    \n          \n          \n                      \n            \n        \n        \n          \n\n                      \n              20cL            \n          \n        \n      \n\n        \n        \n          Président - Crème liquide légère spécial cuisson 12% MG\n\n          \n          \n          La brique de 20cL\n\n        \n\n        \n\n\n\n                    \n\n\n           \n                     \n\n\n\n        \n        \n                                                            \n              \n            \n                            \n\n                        \n        \n        \n\n        \n\n          \n            \n              1,99 €  \n              au lieu de 1,99 €  \n\n              \n                soit \n                \n                                                            9,95 €                                                             \n\n                                      / litre    \n                                                            \n                  \n\n                                              \n            \n\n          \n        \n\n      \n\n      \n\n                              \n              \n              \n              \n            \n                                    \n\n\n                        \n              \n              \n          \n                                      \n\n      \n        Produit ajouté au panier ✓\n      \n      Stock disponible : 29 max.\n\n    \n    \n\n  ","20cL\nPrésident - Crème liquide légère spécial cuisson 12% MG\n\n1,99 €\n\n9,95 € / litre\n","\n    \n            \n            \n        \n          \n          \n                                                            \n                    \n                  \n                                                                    \n          \n          \n                      \n            \n        \n        \n          \n\n                      \n              20cL            \n          \n        \n      \n\n        \n        \n          Paysan Breton - Crème entière épaisse 30% MG\n\n          \n          \n          Le pot de 20cL\n\n        \n\n        \n\n\n\n                    \n\n\n           \n                     \n\n\n\n        \n        \n                                                            \n              \n            \n                            \n\n                        \n        \n        \n\n        \n\n          \n            \n              1,99 €  \n              au lieu de 1,99 €  \n\n              \n                soit \n                \n                                                            9,95 €                                                             \n\n                                      / litre    \n                                                            \n                  \n\n                                              \n            \n\n          \n        \n\n      \n\n      \n\n                              \n              \n              \n              \n            \n                                    \n\n\n                        \n              \n              \n          \n                                      \n\n      \n        Produit ajouté au panier ✓\n      \n      Stock disponible : 68 max.\n\n    \n    \n\n  ","20cL\nPaysan Breton - Crème entière épaisse 30% MG\n\n1,99 €\n\n9,95 € / litre\n","\n    \n            \n            \n        \n          \n          \n                                                            \n                    \n                  \n                                                                    \n          \n          \n                      \n            \n        \n        \n          \n\n                      \n              250g            \n          \n        \n      \n\n        \n        \n          Paysan Breton - Crème fouettée\n\n          \n          \n          La bouteille de 250g\n\n        \n\n        \n\n\n\n                    \n\n\n           \n                     \n\n\n\n        \n        \n                                                            \n              \n            \n                            \n\n                        \n        \n        \n\n        \n\n          \n            \n              4,95 €  \n              au lieu de 4,95 €  \n\n              \n                soit \n                \n                                                            19,80 €                                                             \n\n                                          \n                    / KG                                        \n                  \n\n                                              \n            \n\n          \n        \n\n      \n\n      \n\n                              \n              \n              \n              \n            \n                                    \n\n\n                        \n              \n              \n          \n                                      \n\n      \n        Produit ajouté au panier ✓\n      \n      Stock disponible : 11 max.\n\n    \n    \n\n  ","250g\nPaysan Breton - Crème fouettée\n\n4,95 €\n\n19,80 € / KG\n","\n    \n            \n            \n        \n          \n          \n                                                            \n                    \n                  \n                                                                    \n          \n          \n                      \n            \n        \n        \n          \n\n                      \n              20cL            \n          \n        \n      \n\n        \n        \n          Paysan Breton - Crème légère épaisse 15% MG\n\n          \n          \n          Le pot de 20cL\n\n        \n\n        \n\n\n\n                    \n\n\n           \n                     \n\n\n\n        \n        \n                                                            \n              \n            \n                            \n\n                        \n        \n        \n\n        \n\n          \n            \n              1,95 €  \n              au lieu de 1,95 €  \n\n              \n                soit \n                \n                                                            9,75 €                                                             \n\n                                      / litre    \n                                                            \n                  \n\n                                              \n            \n\n          \n        \n\n      \n\n      \n\n                              \n              \n              \n              \n            \n                                    \n\n\n                        \n              \n              \n          \n                                      \n\n      \n        Produit ajouté au panier ✓\n      \n      Stock disponible : 38 max.\n\n    \n    \n\n  ","20cL\nPaysan Breton - Crème légère épaisse 15% MG\n\n1,95 €\n\n9,75 € / litre\n","\n    \n            \n            \n        \n          \n          \n                                                            \n                    \n                  \n                                                                    \n          \n          \n                      \n            \n        \n        \n          \n\n                      \n              20cL            \n          \n        \n      \n\n        \n        \n          Yoplait - Crème épaisse 15% MG\n\n          \n          \n          Le pot de 20cL\n\n        \n\n        \n\n\n\n                    \n\n\n                                      \n           \n                     \n\n\n\n        \n        \n                                                            \n              \n            \n                            \n\n                          \n            \n                 \n                                   \n                \n        \n        \n\n        \n\n          \n            \n              1,85 €  \n              au lieu de 1,85 €  \n\n              \n                soit \n                \n                                                            9,25 €                                                             \n\n                                      / litre    \n                                                            \n                  \n\n                                              \n            \n\n          \n        \n\n      \n\n      \n\n                              \n              \n              \n              \n            \n                                    \n\n\n                        \n              \n              \n          \n                                      \n\n      \n        Produit ajouté au panier ✓\n      \n      Stock disponible : 31 max.\n\n    \n    \n\n  ","20cL\nYoplait - Crème épaisse 15% MG\n\n1,85 €\n\n9,25 € / litre\n","\n    \n            \n            \n        \n          \n          \n                                                            \n                    \n                  \n                                                                    \n          \n          \n                      \n            \n        \n        \n          \n\n                      \n              20cL            \n          \n        \n      \n\n        \n        \n          Yoplait - Crème épaisse 30% MG\n\n          \n          \n          Le pot de 20cL\n\n        \n\n        \n\n\n\n                    \n\n\n                                      \n           \n                     \n\n\n\n        \n        \n                                                            \n              \n            \n                            \n\n                          \n            \n                 \n                                   \n                \n        \n        \n\n        \n\n          \n            \n              1,85 €  \n              au lieu de 1,85 €  \n\n              \n                soit \n                \n                                                            9,25 €                                                             \n\n                                      / litre    \n                                                            \n                  \n\n                                              \n            \n\n          \n        \n\n      \n\n      \n\n                              \n              \n              \n              \n            \n                                    \n\n\n                        \n              \n              \n          \n                                      \n\n      \n        Produit ajouté au panier ✓\n      \n      Stock disponible : 29 max.\n\n    \n    \n\n  ","20cL\nYoplait - Crème épaisse 30% MG\n\n1,85 €\n\n9,25 € / litre\n","\n    \n            \n            \n        \n          \n          \n                                                            \n                    \n                  \n                                                                    \n          \n          \n                      \n            \n        \n        \n          \n\n                      \n              20cL            \n          \n        \n      \n\n        \n        \n          Candia - Crème UHT 12% MG\n\n          \n          \n          La brique de 20cL\n\n        \n\n        \n\n\n\n                    \n\n\n                                      \n           \n                     \n\n\n\n        \n        \n                                                  \n              \n            \n                                      \n\n                          \n            \n                 \n                                   \n                \n        \n        \n\n        \n\n          \n            \n              1,99 €  \n              au lieu de 1,99 €  \n\n              \n                soit \n                \n                                                            9,95 €                                                             \n\n                                      / litre    \n                                                            \n                  \n\n                                              \n            \n\n          \n        \n\n      \n\n      \n\n                          \n\n\n                                Bientôt disponible\n                              \n\n      \n        Produit ajouté au panier ✓\n      \n      Stock disponible : 0 max.\n\n    \n          \n        Produit hors stock\n      \n      \n\n  ","20cL\nCandia - Crème UHT 12% MG\n\n1,99 €\n\n9,95 € / litre\n\nBientôt disponible","\n    \n            \n            \n        \n          \n          \n                                                            \n                    \n                  \n                                                                    \n          \n          \n                      \n            \n        \n        \n          \n\n                      \n              1L            \n          \n        \n      \n\n        \n        \n          Candia - Crème UHT 18% MG\n\n          \n          \n          La brique de 1L\n\n        \n\n        \n\n\n\n                    \n\n\n           \n                     \n\n\n\n        \n        \n                                                            \n              \n            \n                            \n\n                        \n        \n        \n\n        \n\n          \n            \n              7,35 €  \n              au lieu de 7,35 €  \n\n              \n                soit \n                \n                                                            7,35 €                                                             \n\n                                      / litre    \n                                                            \n                  \n\n                                              \n            \n\n          \n        \n\n      \n\n      \n\n                              \n              \n              \n              \n            \n                                    \n\n\n                        \n              \n              \n          \n                                      \n\n      \n        Produit ajouté au panier ✓\n      \n      Stock disponible : 16 max.\n\n    \n    \n\n  ","1L\nCandia - Crème UHT 18% MG\n\n7,35 €\n\n7,35 € / litre\n","\n    \n            \n            \n        \n          \n          \n                                                            \n                    \n                  \n                                                                    \n          \n          \n                      \n            \n        \n        \n          \n\n                      \n              1L            \n          \n        \n      \n\n        \n        \n          Candia - Crème UHT 35% MG\n\n          \n          \n          La brique de 1L\n\n        \n\n        \n\n\n\n                    \n\n\n           \n                     \n\n\n\n        \n        \n                                                            \n              \n            \n                            \n\n                        \n        \n        \n\n        \n\n          \n            \n              9,95 €  \n              au lieu de 9,95 €  \n\n              \n                soit \n                \n                                                            9,95 €                                                             \n\n                                      / litre    \n                                                            \n                  \n\n                                              \n            \n\n          \n        \n\n      \n\n      \n\n                              \n              \n              \n              \n            \n                                    \n\n\n                        \n              \n              \n          \n                                      \n\n      \n        Produit ajouté au panier ✓\n      \n      Stock disponible : 10 max.\n\n    \n    \n\n  ","1L\nCandia - Crème UHT 35% MG\n\n9,95 €\n\n9,95 € / litre\n","\n    \n            \n            \n        \n          \n          \n                                                            \n                    \n                  \n                                                                    \n          \n          \n                      \n            \n        \n        \n          \n\n                      \n              3x20cl            \n          \n        \n      \n\n        \n        \n          CANDIA CREME UHT 12% 20CL X3\n\n          \n          \n          Le lot de 3x20cl\n\n        \n\n        \n\n\n\n                    \n\n\n           \n                     \n\n\n\n        \n        \n        \n\n                        \n        \n        \n\n        \n\n          \n            \n              6,79 €  \n              au lieu de 6,79 €  \n\n              \n                soit \n                \n                                                            11,32 €                                                             \n\n                                      / litre    \n                                                            \n                  \n\n                                              \n            \n\n          \n        \n\n      \n\n      \n\n                              \n              \n              \n              \n            \n                                    \n\n\n                        \n              \n              \n          \n                                      \n\n      \n        Produit ajouté au panier ✓\n      \n      Stock disponible : 7 max.\n\n    \n    \n\n  ","3x20cl\nCANDIA CREME UHT 12% 20CL X3\n\n6,79 €\n\n11,32 € / litre\n","\n    \n            \n            \n        \n          \n          \n                                                            \n                    \n                  \n                                                                    \n          \n          \n                      \n            \n        \n        \n          \n\n                      \n              1L            \n          \n        \n      \n\n        \n        \n          Pâturages - Crème entière fluide UHT 30%\n\n          \n          \n          La brique de 1L\n\n        \n\n        \n\n\n\n                    \n\n\n           \n                     \n\n\n\n        \n        \n                                                            \n              \n            \n                            \n\n                        \n        \n        \n\n        \n\n          \n            \n              6,99 €  \n              au lieu de 6,99 €  \n\n              \n                soit \n                \n                                                            6,99 €                                                             \n\n                                      / litre    \n                                                            \n                  \n\n                                              \n            \n\n          \n        \n\n      \n\n      \n\n                              \n              \n              \n              \n            \n                                    \n\n\n                        \n              \n              \n          \n                                      \n\n      \n        Produit ajouté au panier ✓\n      \n      Stock disponible : 11 max.\n\n    \n    \n\n  ","1L\nPâturages - Crème entière fluide UHT 30%\n\n6,99 €\n\n6,99 € / litre\n","\n    \n            \n            \n        \n          \n          \n                                                            \n                    \n                  \n                                                                    \n          \n          \n                      \n            \n        \n        \n          \n\n                      \n              3x20cl            \n          \n        \n      \n\n        \n        \n          Pâturages - Crème légère UHT 12%\n\n          \n          \n          Le lot de 3x20cl\n\n        \n\n        \n\n\n\n                    \n\n\n           \n                     \n\n\n\n        \n        \n                                                  \n              \n            \n                                      \n\n                        \n        \n        \n\n        \n\n          \n            \n              3,09 €  \n              au lieu de 3,09 €  \n\n              \n                soit \n                \n                                                            5,15 €                                                             \n\n                                      / litre    \n                                                            \n                  \n\n                                              \n            \n\n          \n        \n\n      \n\n      \n\n                              \n              \n              \n              \n            \n                                    \n\n\n                        \n              \n              \n          \n                                      \n\n      \n        Produit ajouté au panier ✓\n      \n      Stock disponible : 11 max.\n\n    \n    \n\n  ","3x20cl\nPâturages - Crème légère UHT 12%\n\n3,09 €\n\n5,15 € / litre\n","\n    \n            \n            \n        \n          \n          \n                                                            \n                    \n                  \n                                                                    \n          \n          \n                      \n            \n        \n        \n          \n\n                      \n              2x25cl            \n          \n        \n      \n\n        \n        \n          Pâturages - Crème semi-épaisse UHT 18%\n\n          \n          \n          Le lot de 2x25cl\n\n        \n\n        \n\n\n\n                    \n\n\n           \n                     \n\n\n\n        \n        \n                                                            \n              \n            \n                            \n\n                        \n        \n        \n\n        \n\n          \n            \n              3,09 €  \n              au lieu de 3,09 €  \n\n              \n                soit \n                \n                                                            6,18 €                                                             \n\n                                      / litre    \n                                                            \n                  \n\n                                              \n            \n\n          \n        \n\n      \n\n      \n\n                              \n              \n              \n              \n            \n                                    \n\n\n                        \n              \n              \n          \n                                      \n\n      \n        Produit ajouté au panier ✓\n      \n      Stock disponible : 11 max.\n\n    \n    \n\n  ","2x25cl\nPâturages - Crème semi-épaisse UHT 18%\n\n3,09 €\n\n6,18 € / litre\n","\n    \n            \n            \n        \n          \n          \n                                                            \n                    \n                  \n                                                                    \n          \n          \n                      \n            \n        \n        \n          \n\n                      \n              3x20cl            \n          \n        \n      \n\n        \n        \n          Pâturages - Crème semi-épaisse UHT 18%\n\n          \n          \n          Le lot de 3x20cl\n\n        \n\n        \n\n\n\n                    \n\n\n           \n                     \n\n\n\n        \n        \n                                                            \n              \n            \n                            \n\n                        \n        \n        \n\n        \n\n          \n            \n              3,55 €  \n              au lieu de 3,55 €  \n\n              \n                soit \n                \n                                                            5,92 €                                                             \n\n                                      / litre    \n                                                            \n                  \n\n                                              \n            \n\n          \n        \n\n      \n\n      \n\n                          \n\n\n                                Bientôt disponible\n                              \n\n      \n        Produit ajouté au panier ✓\n      \n      Stock disponible : 0 max.\n\n    \n          \n        Produit hors stock\n      \n      \n\n  ","3x20cl\nPâturages - Crème semi-épaisse UHT 18%\n\n3,55 €\n\n5,92 € / litre\n\nBientôt disponible","\n    \n            \n            \n        \n          \n          \n                                                            \n                    \n                  \n                                                                    \n          \n          \n                      \n            \n        \n        \n          \n\n                      \n              3x20cl            \n          \n        \n      \n\n        \n        \n          Pâturages - Lait végétal soja cuisine 15%\n\n          \n          \n          Le lot de 3x20cl\n\n        \n\n        \n\n\n\n                    \n\n\n           \n                     \n\n\n\n        \n        \n                                        \n              \n            \n                                                \n\n                        \n        \n        \n\n        \n\n          \n            \n              2,59 €  \n              au lieu de 2,59 €  \n\n              \n                soit \n                \n                                                            4,32 €                                                             \n\n                                      / litre    \n                                                            \n                  \n\n                                              \n            \n\n          \n        \n\n      \n\n      \n\n                              \n              \n              \n              \n            \n                                    \n\n\n                        \n              \n              \n          \n                                      \n\n      \n        Produit ajouté au panier ✓\n      \n      Stock disponible : 13 max.\n\n    \n    \n\n  ","3x20cl\nPâturages - Lait végétal soja cuisine 15%\n\n2,59 €\n\n4,32 € / litre\n","\n    \n            \n            \n        \n          \n          \n                                                            \n                    \n                  \n                                                                    \n          \n          \n                      \n            \n        \n        \n          \n\n                      \n              3x20cl            \n          \n        \n      \n\n        \n        \n          Pâturages -Crème fluide UHT 30%\n\n          \n          \n          Le lot de 3x20cl\n\n        \n\n        \n\n\n\n                    \n\n\n           \n                     \n\n\n\n        \n        \n                                                            \n              \n            \n                            \n\n                        \n        \n        \n\n        \n\n          \n            \n              3,69 €  \n              au lieu de 3,69 €  \n\n              \n                soit \n                \n                                                            6,15 €                                                             \n\n                                      / litre    \n                                                            \n                  \n\n                                              \n            \n\n          \n        \n\n      \n\n      \n\n                              \n              \n              \n              \n            \n                                    \n\n\n                        \n              \n              \n          \n                                      \n\n      \n        Produit ajouté au panier ✓\n      \n      Stock disponible : 13 max.\n\n    \n    \n\n  ","3x20cl\nPâturages -Crème fluide UHT 30%\n\n3,69 €\n\n6,15 € / litre\n","\n    \n            \n            \n        \n          \n          \n                                                            \n                    \n                  \n                                                                    \n          \n          \n                      \n            \n        \n        \n          \n\n                      \n              20cL            \n          \n        \n      \n\n        \n        \n          Bridel - Crème fraîche épaisse 30% MG\n\n          \n          \n          Le pot de 20cL\n\n        \n\n        \n\n\n\n                    \n\n\n           \n                     \n\n\n\n        \n        \n                                                            \n              \n            \n                            \n\n                        \n        \n        \n\n        \n\n          \n            \n              2,15 €  \n              au lieu de 2,15 €  \n\n              \n                soit \n                \n                                                            10,75 €                                                             \n\n                                      / litre    \n                                                            \n                  \n\n                                              \n            \n\n          \n        \n\n      \n\n      \n\n                              \n              \n              \n              \n            \n                                    \n\n\n                        \n              \n              \n          \n                                      \n\n      \n        Produit ajouté au panier ✓\n      \n      Stock disponible : 11 max.\n\n    \n    \n\n  ","20cL\nBridel - Crème fraîche épaisse 30% MG\n\n2,15 €\n\n10,75 € / litre\n","\n    \n            \n              \n          Le lot de 3        \n            \n        \n          \n          \n                                                            \n                    \n                  \n                                                                    \n          \n          \n                      \n            \n        \n        \n          \n\n                      \n              3x20cL            \n          \n        \n      \n\n        \n        \n          Bridel - Crème légère fluide 12% MG\n\n          \n          \n          Le lot de 3x20cL\n\n        \n\n        \n\n\n\n                    \n\n\n           \n                     \n\n\n\n        \n        \n                                                  \n              \n            \n                                      \n\n                        \n        \n        \n\n        \n\n          \n            \n              4,99 €  \n              au lieu de 4,99 €  \n\n              \n                soit \n                \n                                                            8,32 €                                                             \n\n                                      / litre    \n                                                            \n                  \n\n                                              \n            \n\n          \n        \n\n      \n\n      \n\n                              \n              \n              \n              \n            \n                                    \n\n\n                        \n              \n              \n          \n                                      \n\n      \n        Produit ajouté au panier ✓\n      \n      Stock disponible : 6 max.\n\n    \n    \n\n  ","Le lot de 3\n3x20cL\nBridel - Crème légère fluide 12% MG\n\n4,99 €\n\n8,32 € / litre\n","\n    \n            \n            \n        \n          \n          \n                                                            \n                    \n                  \n                                                                    \n          \n          \n                      \n            \n        \n        \n          \n\n                      \n              20cL            \n          \n        \n      \n\n        \n        \n          SojaSun - Cuisine spécialité végétale\n\n          \n          \n          La brique de 20cL\n\n        \n\n        \n\n\n\n                    \n\n\n           \n                                                        \n                     \n\n\n\n        \n        \n                                                  \n              \n            \n                                      \n\n                          \n            \n                          \n                                            \n                \n        \n        \n\n        \n\n          \n            \n              2,05 €  \n              au lieu de 2,05 €  \n\n              \n                soit \n                \n                                                            10,25 €                                                             \n\n                                      / litre    \n                                                            \n                  \n\n                                              \n            \n\n          \n        \n\n      \n\n      \n\n                              \n              \n              \n              \n            \n                                    \n\n\n                        \n              \n              \n          \n                                      \n\n      \n        Produit ajouté au panier ✓\n      \n      Stock disponible : 16 max.\n\n    \n    \n\n  ","20cL\nSojaSun - Cuisine spécialité végétale\n\n2,05 €\n\n10,25 € / litre\n","\n    \n            \n            \n        \n          \n          \n                                                            \n                    \n                  \n                                                                    \n          \n          \n                      \n            \n        \n        \n          \n\n                      \n              1L            \n          \n        \n      \n\n        \n        \n          Elle & Vire - Crème cuisson 15% MG\n\n          \n          \n          La brique de 1L\n\n        \n\n        \n\n\n\n                    \n\n\n           \n                     \n\n\n\n        \n        \n                                                            \n              \n            \n                            \n\n                        \n        \n        \n\n        \n\n          \n            \n              6,25 €  \n              au lieu de 6,25 €  \n\n              \n                soit \n                \n                                                            6,25 €                                                             \n\n                                      / litre    \n                                                            \n                  \n\n                                              \n            \n\n          \n        \n\n      \n\n      \n\n                              \n              \n              \n              \n            \n                                    \n\n\n                        \n              \n              \n          \n                                      \n\n      \n        Produit ajouté au panier ✓\n      \n      Stock disponible : 13 max.\n\n    \n    \n\n  ","1L\nElle & Vire - Crème cuisson 15% MG\n\n6,25 €\n\n6,25 € / litre\n","\n    \n            \n            \n        \n          \n          \n                                                            \n                    \n                  \n                                                                    \n          \n          \n                      \n            \n        \n        \n          \n\n                      \n              20cL            \n          \n        \n      \n\n        \n        \n          Elle & Vire - Crème cuisson 35,1% MG\n\n          \n          \n          La brique de 20cL\n\n        \n\n        \n\n\n\n                    \n\n\n                                      \n           \n                     \n\n\n\n        \n        \n                                                            \n              \n            \n                            \n\n                          \n            \n                 \n                                   \n                \n        \n        \n\n        \n\n          \n            \n              2,85 €  \n              au lieu de 2,85 €  \n\n              \n                soit \n                \n                                                            14,25 €                                                             \n\n                                      / litre    \n                                                            \n                  \n\n                                              \n            \n\n          \n        \n\n      \n\n      \n\n                              \n              \n              \n              \n            \n                                    \n\n\n                        \n              \n              \n          \n                                      \n\n      \n        Produit ajouté au panier ✓\n      \n      Stock disponible : 20 max.\n\n    \n    \n\n  ","20cL\nElle & Vire - Crème cuisson 35,1% MG\n\n2,85 €\n\n14,25 € / litre\n","\n    \n            \n            \n        \n          \n          \n                                                            \n                    \n                  \n                                                                    \n          \n          \n                      \n            \n        \n        \n          \n\n                      \n              20cL            \n          \n        \n      \n\n        \n        \n          Elle & Vire - Crème liquide entière 35,1% MG\n\n          \n          \n          La brique de 20cL\n\n        \n\n        \n\n\n\n                    \n\n\n                                      \n           \n                     \n\n\n\n        \n        \n                                                            \n              \n            \n                            \n\n                          \n            \n                 \n                                   \n                \n        \n        \n\n        \n\n          \n            \n              2,49 €  \n              au lieu de 2,49 €  \n\n              \n                soit \n                \n                                                            12,45 €                                                             \n\n                                      / litre    \n                                                            \n                  \n\n                                              \n            \n\n          \n        \n\n      \n\n      \n\n                              \n              \n              \n              \n            \n                                    \n\n\n                        \n              \n              \n          \n                                      \n\n      \n        Produit ajouté au panier ✓\n      \n      Stock disponible : 19 max.\n\n    \n    \n\n  ","20cL\nElle & Vire - Crème liquide entière 35,1% MG\n\n2,49 €\n\n12,45 € / litre\n","\n    \n            \n              \n          Le lot de 3        \n            \n        \n          \n          \n                                                            \n                    \n                  \n                                                                    \n          \n          \n                      \n            \n        \n        \n          \n\n                      \n              3x20cl            \n          \n        \n      \n\n        \n        \n          Leader Price - Crème liquide extra fluide légère 4%MG\n\n          \n          \n          Le lot de 3x20cl\n\n        \n\n        \n\n\n\n                    \n\n\n           \n                     \n\n\n\n        \n        \n        \n\n                        \n        \n        \n\n        \n\n          \n            \n              2,99 €  \n              au lieu de 2,99 €  \n\n              \n                soit \n                \n                                                            4,98 €                                                             \n\n                                          \n                    / KG                                        \n                  \n\n                                              \n            \n\n          \n        \n\n      \n\n      \n\n                              \n              \n              \n              \n            \n                                    \n\n\n                        \n              \n              \n          \n                                      \n\n      \n        Produit ajouté au panier ✓\n      \n      Stock disponible : 25 max.\n\n    \n    \n\n  ","Le lot de 3\n3x20cl\nLeader Price - Crème liquide extra fluide légère 4%MG\n\n2,99 €\n\n4,98 € / KG\n","\n    \n            \n              \n          Le lot de 3        \n            \n        \n          \n          \n                                                            \n                    \n                  \n                                                                    \n          \n          \n                      \n            \n        \n        \n          \n\n                      \n              3x20cL            \n          \n        \n      \n\n        \n        \n          Leader Price - Crème légère 12% MG\n\n          \n          \n          Le lot de 3x20cL\n\n        \n\n        \n\n\n\n                    \n\n\n           \n                     \n\n\n\n        \n        \n                                                  \n              \n            \n                                      \n\n                        \n        \n        \n\n        \n\n          \n            \n              3,09 €  \n              au lieu de 3,09 €  \n\n              \n                soit \n                \n                                                            5,15 €                                                             \n\n                                      / litre    \n                                                            \n                  \n\n                                              \n            \n\n          \n        \n\n      \n\n      \n\n                              \n              \n              \n              \n            \n                                    \n\n\n                        \n              \n              \n          \n                                      \n\n      \n        Produit ajouté au panier ✓\n      \n      Stock disponible : 51 max.\n\n    \n    \n\n  ","Le lot de 3\n3x20cL\nLeader Price - Crème légère 12% MG\n\n3,09 €\n\n5,15 € / litre\n","\n    \n            \n              \n          Le lot de 3        \n            \n        \n          \n          \n                                                            \n                    \n                  \n                                                                    \n          \n          \n                      \n            \n        \n        \n          \n\n                      \n              3x20cL            \n          \n        \n      \n\n        \n        \n          Leader Price - Crème légère semi-épaisse 18% MG\n\n          \n          \n          Le lot de 3x20cL\n\n        \n\n        \n\n\n\n                    \n\n\n           \n                     \n\n\n\n        \n        \n                                                            \n              \n            \n                            \n\n                        \n        \n        \n\n        \n\n          \n            \n              3,49 €  \n              au lieu de 3,49 €  \n\n              \n                soit \n                \n                                                            5,82 €                                                             \n\n                                      / litre    \n                                                            \n                  \n\n                                              \n            \n\n          \n        \n\n      \n\n      \n\n                              \n              \n              \n              \n            \n                                    \n\n\n                        \n              \n              \n          \n                                      \n\n      \n        Produit ajouté au panier ✓\n      \n      Stock disponible : 46 max.\n\n    \n    \n\n  ","Le lot de 3\n3x20cL\nLeader Price - Crème légère semi-épaisse 18% MG\n\n3,49 €\n\n5,82 € / litre\n","\n    \n            \n            \n        \n          \n          \n                                                            \n                    \n                  \n                                                                    \n          \n          \n                      \n            \n        \n        \n          \n\n                      \n              50cl            \n          \n        \n      \n\n        \n        \n          Leader Price - Crème épaisse 30%MG\n\n          \n          \n          La brique de 50cl\n\n        \n\n        \n\n\n\n                    \n\n\n           \n                     \n\n\n\n        \n        \n                                                            \n              \n            \n                            \n\n                        \n        \n        \n\n        \n\n          \n            \n              3,09 €  \n              au lieu de 3,09 €  \n\n              \n                soit \n                \n                                                            6,18 €                                                             \n\n                                      / litre    \n                                                            \n                  \n\n                                              \n            \n\n          \n        \n\n      \n\n      \n\n                              \n              \n              \n              \n            \n                                    \n\n\n                        \n              \n              \n          \n                                      \n\n      \n        Produit ajouté au panier ✓\n      \n      Stock disponible : 15 max.\n\n    \n    \n\n  ","50cl\nLeader Price - Crème épaisse 30%MG\n\n3,09 €\n\n6,18 € / litre\n","\n    \n            \n            \n        \n          \n          \n                                                            \n                    \n                  \n                                                                    \n          \n          \n                      \n            \n        \n        \n          \n\n                      \n              20cL            \n          \n        \n      \n\n        \n        \n          Leader Price - Crème épaisse entière 30% MG\n\n          \n          \n          Le pot de 20cL\n\n        \n\n        \n\n\n\n                    \n\n\n                                      \n           \n                     \n\n\n\n        \n        \n                                                            \n              \n            \n                            \n\n                          \n            \n                 \n                                   \n                \n        \n        \n\n        \n\n          \n            \n              1,89 €  \n              au lieu de 1,89 €  \n\n              \n                soit \n                \n                                                            9,45 €                                                             \n\n                                      / litre    \n                                                            \n                  \n\n                                              \n            \n\n          \n        \n\n      \n\n      \n\n                              \n              \n              \n              \n            \n                                    \n\n\n                        \n              \n              \n          \n                                      \n\n      \n        Produit ajouté au panier ✓\n      \n      Stock disponible : 21 max.\n\n    \n    \n\n  ","20cL\nLeader Price - Crème épaisse entière 30% MG\n\n1,89 €\n\n9,45 € / litre\n","\n    \n            \n            \n        \n          \n          \n                                                            \n                    \n                  \n                                                                    \n          \n          \n                      \n            \n        \n        \n          \n\n                      \n              50cL            \n          \n        \n      \n\n        \n        \n          Leader Price - Crème épaisse légère 15% MG\n\n          \n          \n          Le pot de 50cL\n\n        \n\n        \n\n\n\n                    \n\n\n                                      \n           \n                     \n\n\n\n        \n        \n                                                            \n              \n            \n                            \n\n                          \n            \n                 \n                                   \n                \n        \n        \n\n        \n\n          \n            \n              2,99 €  \n              au lieu de 2,99 €  \n\n              \n                soit \n                \n                                                            5,98 €                                                             \n\n                                      / litre    \n                                                            \n                  \n\n                                              \n            \n\n          \n        \n\n      \n\n      \n\n                              \n              \n              \n              \n            \n                                    \n\n\n                        \n              \n              \n          \n                                      \n\n      \n        Produit ajouté au panier ✓\n      \n      Stock disponible : 13 max.\n\n    \n    \n\n  ","50cL\nLeader Price - Crème épaisse légère 15% MG\n\n2,99 €\n\n5,98 € / litre\n","\n    \n            \n            \n        \n          \n          \n                                                            \n                    \n                  \n                                                                    \n          \n          \n                      \n            \n        \n        \n          \n\n                      \n              280g            \n          \n        \n      \n\n        \n        \n          Brie\n\n          \n          \n          La barquette de 280g\n\n        \n\n        \n\n\n\n                    \n\n\n           \n                     \n\n\n\n        \n        \n        \n\n                        \n        \n        \n\n        \n\n          \n            \n              2,95 €  \n              au lieu de 2,95 €  \n\n              \n                soit \n                \n                                                            10,54 €                                                             \n\n                                          \n                    / KG                                        \n                  \n\n                                              \n            \n\n          \n        \n\n      \n\n      \n\n                              \n              \n              \n              \n            \n                                    \n\n\n                        \n              \n              \n          \n                                      \n\n      \n        Produit ajouté au panier ✓\n      \n      Stock disponible : 1 max.\n\n    \n    \n\n  ","280g\nBrie\n\n2,95 €\n\n10,54 € / KG\n","\n    \n            \n            \n        \n          \n          \n                                                            \n                    \n                  \n                                                                    \n          \n          \n                      \n            \n        \n        \n          \n\n                      \n              250g            \n          \n        \n      \n\n        \n        \n          Président - Camembert 45% MG\n\n          \n          \n          La boîte de 250g\n\n        \n\n        \n\n\n\n                    \n\n\n           \n                     \n\n\n\n        \n        \n                                                            \n              \n            \n                            \n\n                        \n        \n        \n\n        \n\n          \n            \n              4,59 €  \n              au lieu de 4,59 €  \n\n              \n                soit \n                \n                                                            18,36 €                                                             \n\n                                          \n                    / KG                                        \n                  \n\n                                              \n            \n\n          \n        \n\n      \n\n      \n\n                          \n\n\n                                Bientôt disponible\n                              \n\n      \n        Produit ajouté au panier ✓\n      \n      Stock disponible : 0 max.\n\n    \n          \n        Produit hors stock\n      \n      \n\n  ","250g\nPrésident - Camembert 45% MG\n\n4,59 €\n\n18,36 € / KG\n\nBientôt disponible","\n    \n            \n            \n        \n          \n          \n                                                            \n                    \n                  \n                                                                    \n          \n          \n                      \n            \n        \n        \n          \n\n                      \n              250g            \n          \n        \n      \n\n        \n        \n          Président - Camembert en 8 portions\n\n          \n          \n          La boîte de 250g\n\n        \n\n        \n\n\n\n                    \n\n\n           \n                     \n\n\n\n        \n        \n                                                            \n              \n            \n                            \n\n                        \n        \n        \n\n        \n\n          \n            \n              5,15 €  \n              au lieu de 5,15 €  \n\n              \n                soit \n                \n                                                            20,60 €                                                             \n\n                                          \n                    / KG                                        \n                  \n\n                                              \n            \n\n          \n        \n\n      \n\n      \n\n                              \n              \n              \n              \n            \n                                    \n\n\n                        \n              \n              \n          \n                                      \n\n      \n        Produit ajouté au panier ✓\n      \n      Stock disponible : 11 max.\n\n    \n    \n\n  ","250g\nPrésident - Camembert en 8 portions\n\n5,15 €\n\n20,60 € / KG\n","\n    \n            \n            \n        \n          \n          \n                                                            \n                    \n                  \n                                                                    \n          \n          \n                      \n            \n        \n        \n          \n\n                      \n              145g            \n          \n        \n      \n\n        \n        \n          Président - Mini camembert\n\n          \n          \n          La boîte de 145g\n\n        \n\n        \n\n\n\n                    \n\n\n           \n                     \n\n\n\n        \n        \n                                                            \n              \n            \n                            \n\n                        \n        \n        \n\n        \n\n          \n            \n              2,95 €  \n              au lieu de 2,95 €  \n\n              \n                soit \n                \n                                                            20,34 €                                                             \n\n                                          \n                    / KG                                        \n                  \n\n                                              \n            \n\n          \n        \n\n      \n\n      \n\n                              \n              \n              \n              \n            \n                                    \n\n\n                        \n              \n              \n          \n                                      \n\n      \n        Produit ajouté au panier ✓\n      \n      Stock disponible : 22 max.\n\n    \n    \n\n  ","145g\nPrésident - Mini camembert\n\n2,95 €\n\n20,34 € / KG\n","\n    \n            \n            \n        \n          \n          \n                                                            \n                    \n                  \n                                                                    \n          \n          \n                      \n            \n        \n        \n          \n\n                      \n              200g            \n          \n        \n      \n\n        \n        \n          Président - Pointe de brie 60% MG\n\n          \n          \n          Le paquet de 200g\n\n        \n\n        \n\n\n\n                    \n\n\n           \n                     \n\n\n\n        \n        \n                                                            \n              \n            \n                            \n\n                        \n        \n        \n\n        \n\n          \n            \n              4,39 €  \n              au lieu de 4,39 €  \n\n              \n                soit \n                \n                                                            21,95 €                                                             \n\n                                          \n                    / KG                                        \n                  \n\n                                              \n            \n\n          \n        \n\n      \n\n      \n\n                              \n              \n              \n              \n            \n                                    \n\n\n                        \n              \n              \n          \n                                      \n\n      \n        Produit ajouté au panier ✓\n      \n      Stock disponible : 14 max.\n\n    \n    \n\n  ","200g\nPrésident - Pointe de brie 60% MG\n\n4,39 €\n\n21,95 € / KG\n","\n    \n            \n            \n        \n          \n          \n                                                            \n                    \n                  \n                                                                    \n          \n          \n                      \n            \n        \n        \n          \n\n                      \n              250g            \n          \n        \n      \n\n        \n        \n          Paysan Breton - Camembert 45% MG\n\n          \n          \n          La boîte de 250g\n\n        \n\n        \n\n\n\n                    \n\n\n           \n                     \n\n\n\n        \n        \n                                                            \n              \n            \n                            \n\n                        \n        \n        \n\n        \n\n          \n            \n              3,49 €  \n              au lieu de 3,49 €  \n\n              \n                soit \n                \n                                                            13,96 €                                                             \n\n                                          \n                    / KG                                        \n                  \n\n                                              \n            \n\n          \n        \n\n      \n\n      \n\n                              \n              \n              \n              \n            \n                                    \n\n\n                        \n              \n              \n          \n                                      \n\n      \n        Produit ajouté au panier ✓\n      \n      Stock disponible : 16 max.\n\n    \n    \n\n  ","250g\nPaysan Breton - Camembert 45% MG\n\n3,49 €\n\n13,96 € / KG\n","\n    \n            \n            \n        \n          \n          \n                                                            \n                    \n                  \n                                                                    \n          \n          \n                      \n            \n        \n        \n          \n\n                      \n              200g            \n          \n        \n      \n\n        \n        \n          Paysan Breton - La brique\n\n          \n          \n          La boîte de 200g\n\n        \n\n        \n\n\n\n                    \n\n\n           \n                     \n\n\n\n        \n        \n                                                            \n              \n            \n                            \n\n                        \n        \n        \n\n        \n\n          \n            \n              3,85 €  \n              au lieu de 3,85 €  \n\n              \n                soit \n                \n                                                            19,25 €                                                             \n\n                                          \n                    / KG                                        \n                  \n\n                                              \n            \n\n          \n        \n\n      \n\n      \n\n                              \n              \n              \n              \n            \n                                    \n\n\n                        \n              \n              \n          \n                                      \n\n      \n        Produit ajouté au panier ✓\n      \n      Stock disponible : 21 max.\n\n    \n    \n\n  ","200g\nPaysan Breton - La brique\n\n3,85 €\n\n19,25 € / KG\n","\n    \n            \n            \n        \n          \n          \n                                                            \n                    \n                  \n                                                                    \n          \n          \n                      \n            \n        \n        \n          \n\n                      \n              200g            \n          \n        \n      \n\n        \n        \n          Paysan Breton - Pointe de brie 60% MG\n\n          \n          \n          Le paquet de 200g\n\n        \n\n        \n\n\n\n                    \n\n\n           \n                     \n\n\n\n        \n        \n                                                            \n              \n            \n                            \n\n                        \n        \n        \n\n        \n\n          \n            \n              3,49 €  \n              au lieu de 3,49 €  \n\n              \n                soit \n                \n                                                            17,45 €                                                             \n\n                                          \n                    / KG                                        \n                  \n\n                                              \n            \n\n          \n        \n\n      \n\n      \n\n                              \n              \n              \n              \n            \n                                    \n\n\n                        \n              \n              \n          \n                                      \n\n      \n        Produit ajouté au panier ✓\n      \n      Stock disponible : 47 max.\n\n    \n    \n\n  ","200g\nPaysan Breton - Pointe de brie 60% MG\n\n3,49 €\n\n17,45 € / KG\n","\n    \n            \n            \n        \n          \n          \n                                                            \n                    \n                  \n                                                                    \n          \n          \n                      \n            \n        \n        \n          \n\n                      \n              220g            \n          \n        \n      \n\n        \n        \n          Fourme d'Ambert\n\n          \n          \n          La barquette de 220g\n\n        \n\n        \n\n\n\n                    \n\n\n           \n                     \n\n\n\n        \n        \n        \n\n                        \n        \n        \n\n        \n\n          \n            \n              3,65 €  \n              au lieu de 3,65 €  \n\n              \n                soit \n                \n                                                            16,59 €                                                             \n\n                                          \n                    / KG                                        \n                  \n\n                                              \n            \n\n          \n        \n\n      \n\n      \n\n                              \n              \n              \n              \n            \n                                    \n\n\n                        \n              \n              \n          \n                                      \n\n      \n        Produit ajouté au panier ✓\n      \n      Stock disponible : 3 max.\n\n    \n    \n\n  ","220g\nFourme d'Ambert\n\n3,65 €\n\n16,59 € / KG\n","\n    \n            \n            \n        \n          \n          \n                                                            \n                    \n                  \n                                                                    \n          \n          \n                      \n            \n        \n        \n          \n\n                      \n              220g            \n          \n        \n      \n\n        \n        \n          Reblochon\n\n          \n          \n          La barquette de 220g\n\n        \n\n        \n\n\n\n                    \n\n\n           \n                     \n\n\n\n        \n        \n        \n\n                        \n        \n        \n\n        \n\n          \n            \n              3,75 €  \n              au lieu de 3,75 €  \n\n              \n                soit \n                \n                                                            17,05 €                                                             \n\n                                          \n                    / KG                                        \n                  \n\n                                              \n            \n\n          \n        \n\n      \n\n      \n\n                          \n\n\n                                Bientôt disponible\n                              \n\n      \n        Produit ajouté au panier ✓\n      \n      Stock disponible : 0 max.\n\n    \n          \n        Produit hors stock\n      \n      \n\n  ","220g\nReblochon\n\n3,75 €\n\n17,05 € / KG\n\nBientôt disponible","\n    \n            \n            \n        \n          \n          \n                      \n          \n          \n                      \n            \n        \n        \n          \n\n                      \n              180g            \n          \n        \n      \n\n        \n        \n          Pâturages - Brique affinée\n\n          \n          \n          La boite de 180g\n\n        \n\n        \n\n\n\n                    \n\n\n           \n                     \n\n\n\n        \n        \n                                                            \n              \n            \n                            \n\n                        \n        \n        \n\n        \n\n          \n            \n              2,65 €  \n              au lieu de 2,65 €  \n\n              \n                soit \n                \n                                                            14,72 €                                                             \n\n                                          \n                    / KG                                        \n                  \n\n                                              \n            \n\n          \n        \n\n      \n\n      \n\n                              \n              \n              \n              \n            \n                                    \n\n\n                        \n              \n              \n          \n                                      \n\n      \n        Produit ajouté au panier ✓\n      \n      Stock disponible : 12 max.\n\n    \n    \n\n  ","180g\nPâturages - Brique affinée\n\n2,65 €\n\n14,72 € / KG\n","\n    \n            \n            \n        \n          \n          \n                      \n          \n          \n                      \n            \n        \n        \n          \n\n                      \n              200g            \n          \n        \n      \n\n        \n        \n          Pâturages - Fromage Fleur d'Ange\n\n          \n          \n          La boite de 200g\n\n        \n\n        \n\n\n\n                    \n\n\n           \n                     \n\n\n\n        \n        \n                                                            \n              \n            \n                            \n\n                        \n        \n        \n\n        \n\n          \n            \n              2,95 €  \n              au lieu de 2,95 €  \n\n              \n                soit \n                \n                                                            14,75 €                                                             \n\n                                          \n                    / KG                                        \n                  \n\n                                              \n            \n\n          \n        \n\n      \n\n      \n\n                              \n              \n              \n              \n            \n                                    \n\n\n                        \n              \n              \n          \n                                      \n\n      \n        Produit ajouté au panier ✓\n      \n      Stock disponible : 14 max.\n\n    \n    \n\n  ","200g\nPâturages - Fromage Fleur d'Ange\n\n2,95 €\n\n14,75 € / KG\n","\n    \n            \n            \n        \n          \n          \n                      \n          \n          \n                      \n            \n        \n        \n          \n\n                      \n              250g            \n          \n        \n      \n\n        \n        \n          Pâturages - Fromage L'Octodoux doux et fondant\n\n          \n          \n          Le fromage de 250g\n\n        \n\n        \n\n\n\n                    \n\n\n           \n                     \n\n\n\n        \n        \n                                                            \n              \n            \n                            \n\n                        \n        \n        \n\n        \n\n          \n            \n              2,55 €  \n              au lieu de 2,55 €  \n\n              \n                soit \n                \n                                                            10,20 €                                                             \n\n                                          \n                    / KG                                        \n                  \n\n                                              \n            \n\n          \n        \n\n      \n\n      \n\n                              \n              \n              \n              \n            \n                                    \n\n\n                        \n              \n              \n          \n                                      \n\n      \n        Produit ajouté au panier ✓\n      \n      Stock disponible : 13 max.\n\n    \n    \n\n  ","250g\nPâturages - Fromage L'Octodoux doux et fondant\n\n2,55 €\n\n10,20 € / KG\n","\n    \n            \n            \n        \n          \n          \n                      \n          \n          \n                      \n            \n        \n        \n          \n\n                      \n              220g            \n          \n        \n      \n\n        \n        \n          Pâturages - Fromage Le Carré Roux\n\n          \n          \n          Le fromage de 220g\n\n        \n\n        \n\n\n\n                    \n\n\n           \n                     \n\n\n\n        \n        \n                                                            \n              \n            \n                            \n\n                        \n        \n        \n\n        \n\n          \n            \n              2,99 €  \n              au lieu de 2,99 €  \n\n              \n                soit \n                \n                                                            13,59 €                                                             \n\n                                          \n                    / KG                                        \n                  \n\n                                              \n            \n\n          \n        \n\n      \n\n      \n\n                              \n              \n              \n              \n            \n                                    \n\n\n                        \n              \n              \n          \n                                      \n\n      \n        Produit ajouté au panier ✓\n      \n      Stock disponible : 4 max.\n\n    \n    \n\n  ","220g\nPâturages - Fromage Le Carré Roux\n\n2,99 €\n\n13,59 € / KG\n","\n    \n            \n            \n        \n          \n          \n                      \n          \n          \n                      \n            \n        \n        \n          \n\n                      \n              230g            \n          \n        \n      \n\n        \n        \n          Pâturages - Fromage Le Carré tendre & fondant\n\n          \n          \n          Le fromage de 230g\n\n        \n\n        \n\n\n\n                    \n\n\n           \n                     \n\n\n\n        \n        \n                                                            \n              \n            \n                            \n\n                        \n        \n        \n\n        \n\n          \n            \n              2,99 €  \n              au lieu de 2,99 €  \n\n              \n                soit \n                \n                                                            13,00 €                                                             \n\n                                          \n                    / KG                                        \n                  \n\n                                              \n            \n\n          \n        \n\n      \n\n      \n\n                              \n              \n              \n              \n            \n                                    \n\n\n                        \n              \n              \n          \n                                      \n\n      \n        Produit ajouté au panier ✓\n      \n      Stock disponible : 16 max.\n\n    \n    \n\n  ","230g\nPâturages - Fromage Le Carré tendre & fondant\n\n2,99 €\n\n13,00 € / KG\n","\n    \n            \n            \n        \n          \n          \n                      \n          \n          \n                      \n            \n        \n        \n          \n\n                      \n              200g            \n          \n        \n      \n\n        \n        \n          Pâturages - Fromage Le Crémaux\n\n          \n          \n          La boite de 200g\n\n        \n\n        \n\n\n\n                    \n\n\n           \n                     \n\n\n\n        \n        \n                                                            \n              \n            \n                            \n\n                        \n        \n        \n\n        \n\n          \n            \n              2,89 €  \n              au lieu de 2,89 €  \n\n              \n                soit \n                \n                                                            14,45 €                                                             \n\n                                          \n                    / KG                                        \n                  \n\n                                              \n            \n\n          \n        \n\n      \n\n      \n\n                              \n              \n              \n              \n            \n                                    \n\n\n                        \n              \n              \n          \n                                      \n\n      \n        Produit ajouté au panier ✓\n      \n      Stock disponible : 8 max.\n\n    \n    \n\n  ","200g\nPâturages - Fromage Le Crémaux\n\n2,89 €\n\n14,45 € / KG\n","\n    \n            \n            \n        \n          \n          \n                      \n          \n          \n                      \n            \n        \n        \n          \n\n                      \n              200g            \n          \n        \n      \n\n        \n        \n          Pâturages - Munster Géromé AOP\n\n          \n          \n          Le fromage de 200g\n\n        \n\n        \n\n\n\n                    \n\n\n           \n                     \n\n\n\n        \n        \n        \n\n                        \n        \n        \n\n        \n\n          \n            \n              3,99 €  \n              au lieu de 3,99 €  \n\n              \n                soit \n                \n                                                            19,95 €                                                             \n\n                                          \n                    / KG                                        \n                  \n\n                                              \n            \n\n          \n        \n\n      \n\n      \n\n                              \n              \n              \n              \n            \n                                    \n\n\n                        \n              \n              \n          \n                                      \n\n      \n        Produit ajouté au panier ✓\n      \n      Stock disponible : 12 max.\n\n    \n    \n\n  ","200g\nPâturages - Munster Géromé AOP\n\n3,99 €\n\n19,95 € / KG\n","\n    \n            \n            \n        \n          \n          \n                      \n          \n          \n                      \n            \n        \n        \n          \n\n                      \n              200g            \n          \n        \n      \n\n        \n        \n          Pâturages - Pointe de brie\n\n          \n          \n          Le fromage de 200g\n\n        \n\n        \n\n\n\n                    \n\n\n           \n                     \n\n\n\n        \n        \n                                                            \n              \n            \n                            \n\n                        \n        \n        \n\n        \n\n          \n            \n              2,24 €  \n              au lieu de 2,24 €  \n\n              \n                soit \n                \n                                                            11,20 €                                                             \n\n                                          \n                    / KG                                        \n                  \n\n                                              \n            \n\n          \n        \n\n      \n\n      \n\n                              \n              \n              \n              \n            \n                                    \n\n\n                        \n              \n              \n          \n                                      \n\n      \n        Produit ajouté au panier ✓\n      \n      Stock disponible : 12 max.\n\n    \n    \n\n  ","200g\nPâturages - Pointe de brie\n\n2,24 €\n\n11,20 € / KG\n","\n    \n            \n            \n        \n          \n          \n                      \n          \n          \n                      \n            \n        \n        \n          \n\n                      \n              400g            \n          \n        \n      \n\n        \n        \n          Pâturages - Raclette nature\n\n          \n          \n          La barquette de 400g\n\n        \n\n        \n\n\n\n                    \n\n\n           \n                     \n\n\n\n        \n        \n                                                            \n              \n            \n                            \n\n                        \n        \n        \n\n        \n\n          \n            \n              5,25 €  \n              au lieu de 5,25 €  \n\n              \n                soit \n                \n                                                            13,13 €                                                             \n\n                                          \n                    / KG                                        \n                  \n\n                                              \n            \n\n          \n        \n\n      \n\n      \n\n                              \n              \n              \n              \n            \n                                    \n\n\n                        \n              \n              \n          \n                                      \n\n      \n        Produit ajouté au panier ✓\n      \n      Stock disponible : 17 max.\n\n    \n    \n\n  ","400g\nPâturages - Raclette nature\n\n5,25 €\n\n13,13 € / KG\n","\n    \n            \n            \n        \n          \n          \n                                                            \n                    \n                  \n                                                                    \n          \n          \n                      \n            \n        \n        \n          \n\n                      \n              250g            \n          \n        \n      \n\n        \n        \n          Pâturages - Fromage pour tartiflette\n\n          \n          \n          Le fromage de 250g\n\n        \n\n        \n\n\n\n                    \n\n\n           \n                     \n\n\n\n        \n        \n                                                            \n              \n            \n                            \n\n                        \n        \n        \n\n        \n\n          \n            \n              3,59 €  \n              au lieu de 3,59 €  \n\n              \n                soit \n                \n                                                            14,36 €                                                             \n\n                                          \n                    / KG                                        \n                  \n\n                                              \n            \n\n          \n        \n\n      \n\n      \n\n                              \n              \n              \n              \n            \n                                    \n\n\n                        \n              \n              \n          \n                                      \n\n      \n        Produit ajouté au panier ✓\n      \n      Stock disponible : 12 max.\n\n    \n    \n\n  ","250g\nPâturages - Fromage pour tartiflette\n\n3,59 €\n\n14,36 € / KG\n","\n    \n            \n            \n        \n          \n          \n                                                            \n                    \n                  \n                                                                    \n          \n          \n                      \n            \n        \n        \n          \n\n                      \n              200g            \n          \n        \n      \n\n        \n        \n          Caprice des Dieux - Fromage 31% MG\n\n          \n          \n          La boîte de 200g\n\n        \n\n        \n\n\n\n                    \n\n\n           \n                     \n\n\n\n        \n        \n                                                            \n              \n            \n                            \n\n                        \n        \n        \n\n        \n\n          \n            \n              5,59 €  \n              au lieu de 5,59 €  \n\n              \n                soit \n                \n                                                            27,95 €                                                             \n\n                                          \n                    / KG                                        \n                  \n\n                                              \n            \n\n          \n        \n\n      \n\n      \n\n                              \n              \n              \n              \n            \n                                    \n\n\n                        \n              \n              \n          \n                                      \n\n      \n        Produit ajouté au panier ✓\n      \n      Stock disponible : 12 max.\n\n    \n    \n\n  ","200g\nCaprice des Dieux - Fromage 31% MG\n\n5,59 €\n\n27,95 € / KG\n","\n    \n            \n            \n        \n          \n          \n                                                            \n                    \n                  \n                                                                    \n          \n          \n                      \n            \n        \n        \n          \n\n                      \n              200g            \n          \n        \n      \n\n        \n        \n          Roitelet - Pointe de brie\n\n          \n          \n          Le paquet de 200g\n\n        \n\n        \n\n\n\n                    \n\n\n           \n                     \n\n\n\n        \n        \n                                                            \n              \n            \n                            \n\n                        \n        \n        \n\n        \n\n          \n            \n              4,34 €  \n              au lieu de 4,34 €  \n\n              \n                soit \n                \n                                                            21,70 €                                                             \n\n                                          \n                    / KG                                        \n                  \n\n                                              \n            \n\n          \n        \n\n      \n\n      \n\n                              \n              \n              \n              \n            \n                                    \n\n\n                        \n              \n              \n          \n                                      \n\n      \n        Produit ajouté au panier ✓\n      \n      Stock disponible : 23 max.\n\n    \n    \n\n  ","200g\nRoitelet - Pointe de brie\n\n4,34 €\n\n21,70 € / KG\n","\n    \n            \n            \n        \n          \n          \n                                                            \n                    \n                  \n                                                                    \n          \n          \n                      \n            \n        \n        \n          \n\n                      \n              200g            \n          \n        \n      \n\n        \n        \n          Chamois d'Or - Fromage au lait pasteurisé 60% MG\n\n          \n          \n          La boîte de 200g\n\n        \n\n        \n\n\n\n                    \n\n\n           \n                     \n\n\n\n        \n        \n                                                            \n              \n            \n                            \n\n                        \n        \n        \n\n        \n\n          \n            \n              6,55 €  \n              au lieu de 6,55 €  \n\n              \n                soit \n                \n                                                            32,75 €                                                             \n\n                                          \n                    / KG                                        \n                  \n\n                                              \n            \n\n          \n        \n\n      \n\n      \n\n                              \n              \n              \n              \n            \n                                    \n\n\n                        \n              \n              \n          \n                                      \n\n      \n        Produit ajouté au panier ✓\n      \n      Stock disponible : 2 max.\n\n    \n    \n\n  ","200g\nChamois d'Or - Fromage au lait pasteurisé 60% MG\n\n6,55 €\n\n32,75 € / KG\n","\n    \n            \n            \n        \n          \n          \n                                                            \n                    \n                  \n                                                                    \n          \n          \n                      \n            \n        \n        \n          \n\n                      \n              200g            \n          \n        \n      \n\n        \n        \n          Cœur de Lion - Le Saint-Aubin 60% MG\n\n          \n          \n          La boîte de 200g\n\n        \n\n        \n\n\n\n                    \n\n\n           \n                     \n\n\n\n        \n        \n        \n\n                        \n        \n        \n\n        \n\n          \n            \n              4,59 €  \n              au lieu de 4,59 €  \n\n              \n                soit \n                \n                                                            22,95 €                                                             \n\n                                          \n                    / KG                                        \n                  \n\n                                              \n            \n\n          \n        \n\n      \n\n      \n\n                              \n              \n              \n              \n            \n                                    \n\n\n                        \n              \n              \n          \n                                      \n\n      \n        Produit ajouté au panier ✓\n      \n      Stock disponible : 2 max.\n\n    \n    \n\n  ","200g\nCœur de Lion - Le Saint-Aubin 60% MG\n\n4,59 €\n\n22,95 € / KG\n","\n    \n            \n            \n        \n          \n          \n                                                            \n                    \n                  \n                                                                    \n          \n          \n                      \n            \n        \n        \n          \n\n                      \n              240g            \n          \n        \n      \n\n        \n        \n          Leader Price - Camembert 45% MG\n\n          \n          \n          La boîte de 240g\n\n        \n\n        \n\n\n\n                    \n\n\n           \n                     \n\n\n\n        \n        \n                                                            \n              \n            \n                            \n\n                        \n        \n        \n\n        \n\n          \n            \n              3,49 €  \n              au lieu de 3,49 €  \n\n              \n                soit \n                \n                                                            14,54 €                                                             \n\n                                          \n                    / KG                                        \n                  \n\n                                              \n            \n\n          \n        \n\n      \n\n      \n\n                              \n              \n              \n              \n            \n                                    \n\n\n                        \n              \n              \n          \n                                      \n\n      \n        Produit ajouté au panier ✓\n      \n      Stock disponible : 32 max.\n\n    \n    \n\n  ","240g\nLeader Price - Camembert 45% MG\n\n3,49 €\n\n14,54 € / KG\n","\n    \n            \n            \n        \n          \n          \n                                                            \n                    \n                  \n                                                                    \n          \n          \n                      \n            \n        \n        \n          \n\n                      \n              350g            \n          \n        \n      \n\n        \n        \n          Leader Price - Coulommiers 23% MG\n\n          \n          \n          La boîte de 350g\n\n        \n\n        \n\n\n\n                    \n\n\n           \n                     \n\n\n\n        \n        \n                                                            \n              \n            \n                            \n\n                        \n        \n        \n\n        \n\n          \n            \n              4,39 €  \n              au lieu de 4,39 €  \n\n              \n                soit \n                \n                                                            12,54 €                                                             \n\n                                          \n                    / KG                                        \n                  \n\n                                              \n            \n\n          \n        \n\n      \n\n      \n\n                              \n              \n              \n              \n            \n                                    \n\n\n                        \n              \n              \n          \n                                      \n\n      \n        Produit ajouté au panier ✓\n      \n      Stock disponible : 18 max.\n\n    \n    \n\n  ","350g\nLeader Price - Coulommiers 23% MG\n\n4,39 €\n\n12,54 € / KG\n","\n    \n            \n            \n        \n          \n          \n                                                            \n                    \n                  \n                                                                    \n          \n          \n                      \n            \n        \n        \n          \n\n                      \n              220g            \n          \n        \n      \n\n        \n        \n          Président - Emmental en bloc\n\n          \n          \n          Le paquet de 220g\n\n        \n\n        \n\n\n\n                    \n\n\n           \n                     \n\n\n\n        \n        \n                                                            \n              \n            \n                            \n\n                        \n        \n        \n\n        \n\n          \n            \n              4,25 €  \n              au lieu de 4,25 €  \n\n              \n                soit \n                \n                                                            19,32 €                                                             \n\n                                          \n                    / KG                                        \n                  \n\n                                              \n            \n\n          \n        \n\n      \n\n      \n\n                          \n\n\n                                Bientôt disponible\n                              \n\n      \n        Produit ajouté au panier ✓\n      \n      Stock disponible : 0 max.\n\n    \n          \n        Produit hors stock\n      \n      \n\n  ","220g\nPrésident - Emmental en bloc\n\n4,25 €\n\n19,32 € / KG\n\nBientôt disponible","\n    \n            \n            \n        \n          \n          \n                                                            \n                    \n                  \n                                                                    \n          \n          \n                      \n            \n        \n        \n          \n\n                      \n              230g            \n          \n        \n      \n\n        \n        \n          Petit Cantal jeune\n\n          \n          \n          La barquette de 230g\n\n        \n\n        \n\n\n\n                    \n\n\n           \n                     \n\n\n\n        \n        \n        \n\n                        \n        \n        \n\n        \n\n          \n            \n              3,45 €  \n              au lieu de 3,45 €  \n\n              \n                soit \n                \n                                                            15,00 €                                                             \n\n                                          \n                    / KG                                        \n                  \n\n                                              \n            \n\n          \n        \n\n      \n\n      \n\n                              \n              \n              \n              \n            \n                                    \n\n\n                        \n              \n              \n          \n                                      \n\n      \n        Produit ajouté au panier ✓\n      \n      Stock disponible : 1 max.\n\n    \n    \n\n  ","230g\nPetit Cantal jeune\n\n3,45 €\n\n15,00 € / KG\n","\n    \n            \n            \n        \n          \n          \n                                                            \n                    \n                  \n                                                                    \n          \n          \n                      \n            \n        \n        \n          \n\n                      \n              240g            \n          \n        \n      \n\n        \n        \n          Emmental\n\n          \n          \n          La barquette de 240g\n\n        \n\n        \n\n\n\n                    \n\n\n           \n                     \n\n\n\n        \n        \n        \n\n                        \n        \n        \n\n        \n\n          \n            \n              2,65 €  \n              au lieu de 2,65 €  \n\n              \n                soit \n                \n                                                            11,04 €                                                             \n\n                                          \n                    / KG                                        \n                  \n\n                                              \n            \n\n          \n        \n\n      \n\n      \n\n                              \n              \n              \n              \n            \n                                    \n\n\n                        \n              \n              \n          \n                                      \n\n      \n        Produit ajouté au panier ✓\n      \n      Stock disponible : 2 max.\n\n    \n    \n\n  ","240g\nEmmental\n\n2,65 €\n\n11,04 € / KG\n","\n    \n            \n            \n        \n          \n          \n                                                            \n                    \n                  \n                                                                    \n          \n          \n                      \n            \n        \n        \n          \n\n                      \n              220g            \n          \n        \n      \n\n        \n        \n          Paysan Breton - Emmental en bloc\n\n          \n          \n          Le paquet de 220g\n\n        \n\n        \n\n\n\n                    \n\n\n           \n                     \n\n\n\n        \n        \n                                                            \n              \n            \n                            \n\n                        \n        \n        \n\n        \n\n          \n            \n              4,05 €  \n              au lieu de 4,05 €  \n\n              \n                soit \n                \n                                                            18,41 €                                                             \n\n                                          \n                    / KG                                        \n                  \n\n                                              \n            \n\n          \n        \n\n      \n\n      \n\n                              \n              \n              \n              \n            \n                                    \n\n\n                        \n              \n              \n          \n                                      \n\n      \n        Produit ajouté au panier ✓\n      \n      Stock disponible : 52 max.\n\n    \n    \n\n  ","220g\nPaysan Breton - Emmental en bloc\n\n4,05 €\n\n18,41 € / KG\n","\n    \n            \n            \n        \n          \n          \n                                                            \n                    \n                  \n                                                                    \n          \n          \n                      \n            \n        \n        \n          \n\n                      \n              8 portions            \n          \n        \n      \n\n        \n        \n          Kiri - 8 portions\n\n          \n          \n          La boîte de 8 portions\n\n        \n\n        \n\n\n\n                    \n\n\n           \n                     \n\n\n\n        \n        \n        \n\n                        \n        \n        \n\n        \n\n          \n            \n              3,05 €  \n              au lieu de 3,05 €  \n\n              \n                soit \n                \n                                                            21,18 €                                                             \n\n                                          \n                    / KG                                        \n                  \n\n                                              \n            \n\n          \n        \n\n      \n\n      \n\n                              \n              \n              \n              \n            \n                                    \n\n\n                        \n              \n              \n          \n                                      \n\n      \n        Produit ajouté au panier ✓\n      \n      Stock disponible : 12 max.\n\n    \n    \n\n  ","8 portions\nKiri - 8 portions\n\n3,05 €\n\n21,18 € / KG\n","\n    \n            \n            \n        \n          \n          \n                      \n          \n          \n                      \n            \n        \n        \n          \n\n                      \n              200g            \n          \n        \n      \n\n        \n        \n          Pâturages - Emmental français réduit en sel\n\n          \n          \n          Le paquet de 200g\n\n        \n\n        \n\n\n\n                    \n\n\n           \n                     \n\n\n\n        \n        \n                                                  \n              \n            \n                                      \n\n                        \n        \n        \n\n        \n\n          \n            \n              2,99 €  \n              au lieu de 2,99 €  \n\n              \n                soit \n                \n                                                            14,95 €                                                             \n\n                                          \n                    / KG                                        \n                  \n\n                                              \n            \n\n          \n        \n\n      \n\n      \n\n                              \n              \n              \n              \n            \n                                    \n\n\n                        \n              \n              \n          \n                                      \n\n      \n        Produit ajouté au panier ✓\n      \n      Stock disponible : 37 max.\n\n    \n    \n\n  ","200g\nPâturages - Emmental français réduit en sel\n\n2,99 €\n\n14,95 € / KG\n","\n    \n            \n            \n        \n          \n          \n                      \n          \n          \n                      \n            \n        \n        \n          \n\n                      \n              250g            \n          \n        \n      \n\n        \n        \n          Pâturages - Mimolette\n\n          \n          \n          Le fromage de 250g\n\n        \n\n        \n\n\n\n                    \n\n\n           \n                     \n\n\n\n        \n        \n                                                            \n              \n            \n                            \n\n                        \n        \n        \n\n        \n\n          \n            \n              3,69 €  \n              au lieu de 3,69 €  \n\n              \n                soit \n                \n                                                            14,76 €                                                             \n\n                                          \n                    / KG                                        \n                  \n\n                                              \n            \n\n          \n        \n\n      \n\n      \n\n                              \n              \n              \n              \n            \n                                    \n\n\n                        \n              \n              \n          \n                                      \n\n      \n        Produit ajouté au panier ✓\n      \n      Stock disponible : 15 max.\n\n    \n    \n\n  ","250g\nPâturages - Mimolette\n\n3,69 €\n\n14,76 € / KG\n","\n    \n            \n            \n        \n          \n          \n                                                            \n                    \n                  \n                                                                    \n          \n          \n                      \n            \n        \n        \n          \n\n                      \n              250g            \n          \n        \n      \n\n        \n        \n          Pâturages emmental portion 250g\n\n          \n          \n          Le bloc de 250g\n\n        \n\n        \n\n\n\n                    \n\n\n           \n                     \n\n\n\n        \n        \n        \n\n                        \n        \n        \n\n        \n\n          \n            \n              3,09 €  \n              au lieu de 3,09 €  \n\n              \n                soit \n                \n                                                            12,36 €                                                             \n\n                                          \n                    / KG                                        \n                  \n\n                                              \n            \n\n          \n        \n\n      \n\n      \n\n                          \n\n\n                                Bientôt disponible\n                              \n\n      \n        Produit ajouté au panier ✓\n      \n      Stock disponible : 0 max.\n\n    \n          \n        Produit hors stock\n      \n      \n\n  ","250g\nPâturages emmental portion 250g\n\n3,09 €\n\n12,36 € / KG\n\nBientôt disponible","\n    \n            \n            \n        \n          \n          \n                                                            \n                    \n                  \n                                                                    \n          \n          \n                      \n            \n        \n        \n          \n\n                      \n              130g            \n          \n        \n      \n\n        \n        \n          Tomme Grise\n\n          \n          \n          La barquette de 130g\n\n        \n\n        \n\n\n\n                    \n\n\n           \n                     \n\n\n\n        \n        \n        \n\n                        \n        \n        \n\n        \n\n          \n            \n              3,99 €  \n              au lieu de 3,99 €  \n\n              \n                soit \n                \n                                                            21,00 €                                                             \n\n                                          \n                    / KG                                        \n                  \n\n                                              \n            \n\n          \n        \n\n      \n\n      \n\n                              \n              \n              \n              \n            \n                                    \n\n\n                        \n              \n              \n          \n                                      \n\n      \n        Produit ajouté au panier ✓\n      \n      Stock disponible : 6 max.\n\n    \n    \n\n  ","130g\nTomme Grise\n\n3,99 €\n\n21,00 € / KG\n","\n    \n            \n            \n        \n          \n          \n                                                            \n                    \n                  \n                                                                    \n          \n          \n                      \n            \n        \n        \n          \n\n                      \n              180g            \n          \n        \n      \n\n        \n        \n          Tomme noire des Pyrénées\n\n          \n          \n          La barquette de 180g\n\n        \n\n        \n\n\n\n                    \n\n\n           \n                     \n\n\n\n        \n        \n        \n\n                        \n        \n        \n\n        \n\n          \n            \n              2,75 €  \n              au lieu de 2,75 €  \n\n              \n                soit \n                \n                                                            15,28 €                                                             \n\n                                          \n                    / KG                                        \n                  \n\n                                              \n            \n\n          \n        \n\n      \n\n      \n\n                              \n              \n              \n              \n            \n                                    \n\n\n                        \n              \n              \n          \n                                      \n\n      \n        Produit ajouté au panier ✓\n      \n      Stock disponible : 2 max.\n\n    \n    \n\n  ","180g\nTomme noire des Pyrénées\n\n2,75 €\n\n15,28 € / KG\n","\n    \n            \n            \n        \n          \n          \n                                                            \n                    \n                  \n                                                                    \n          \n          \n                      \n            \n        \n        \n          \n\n                      \n              250g            \n          \n        \n      \n\n        \n        \n          Leerdammer - Fromage en portion\n\n          \n          \n          Le paquet de 250g\n\n        \n\n        \n\n\n\n                    \n\n\n           \n                     \n\n\n\n        \n        \n                                                            \n              \n            \n                            \n\n                        \n        \n        \n\n        \n\n          \n            \n              5,45 €  \n              au lieu de 5,45 €  \n\n              \n                soit \n                \n                                                            21,80 €                                                             \n\n                                          \n                    / KG                                        \n                  \n\n                                              \n            \n\n          \n        \n\n      \n\n      \n\n                              \n              \n              \n              \n            \n                                    \n\n\n                        \n              \n              \n          \n                                      \n\n      \n        Produit ajouté au panier ✓\n      \n      Stock disponible : 17 max.\n\n    \n    \n\n  ","250g\nLeerdammer - Fromage en portion\n\n5,45 €\n\n21,80 € / KG\n","\n    \n            \n            \n        \n          \n          \n                      \n          \n          \n                      \n            \n        \n        \n          \n\n                      \n              60g            \n          \n        \n      \n\n        \n        \n          Itinéraire des Saveurs - Parmesan Parmigiano Reggiano AOP râpé\n\n          \n          \n          Le sachet de 60g\n\n        \n\n        \n\n\n\n                    \n\n\n           \n                     \n\n\n\n        \n        \n                                                            \n              \n            \n                            \n\n                        \n        \n        \n\n        \n\n          \n            \n              1,99 €  \n              au lieu de 1,99 €  \n\n              \n                soit \n                \n                                                            33,17 €                                                             \n\n                                          \n                    / KG                                        \n                  \n\n                                              \n            \n\n          \n        \n\n      \n\n      \n\n                              \n              \n              \n              \n            \n                                    \n\n\n                        \n              \n              \n          \n                                      \n\n      \n        Produit ajouté au panier ✓\n      \n      Stock disponible : 25 max.\n\n    \n    \n\n  ","60g\nItinéraire des Saveurs - Parmesan Parmigiano Reggiano AOP râpé\n\n1,99 €\n\n33,17 € / KG\n","\n    \n            \n            \n        \n          \n          \n                      \n          \n          \n                      \n            \n        \n        \n          \n\n                      \n              80g            \n          \n        \n      \n\n        \n        \n          Itinéraire des Saveurs - Parmesan Parmigiano Reggiano copeaux AOP\n\n          \n          \n          La barquette de 80g\n\n        \n\n        \n\n\n\n                    \n\n\n           \n                     \n\n\n\n        \n        \n                                                            \n              \n            \n                            \n\n                        \n        \n        \n\n        \n\n          \n            \n              3,39 €  \n              au lieu de 3,39 €  \n\n              \n                soit \n                \n                                                            42,38 €                                                             \n\n                                          \n                    / KG                                        \n                  \n\n                                              \n            \n\n          \n        \n\n      \n\n      \n\n                              \n              \n              \n              \n            \n                                    \n\n\n                        \n              \n              \n          \n                                      \n\n      \n        Produit ajouté au panier ✓\n      \n      Stock disponible : 24 max.\n\n    \n    \n\n  ","80g\nItinéraire des Saveurs - Parmesan Parmigiano Reggiano copeaux AOP\n\n3,39 €\n\n42,38 € / KG\n","\n    \n            \n            \n        \n          \n          \n                      \n          \n          \n                      \n            \n        \n        \n          \n\n                      \n              200g            \n          \n        \n      \n\n        \n        \n          Itinéraire des Saveurs - Tomme des Pyrénées IGP\n\n          \n          \n          La barquette de 200g\n\n        \n\n        \n\n\n\n                    \n\n\n           \n                     \n\n\n\n        \n        \n        \n\n                        \n        \n        \n\n        \n\n          \n            \n              2,99 €  \n              au lieu de 2,99 €  \n\n              \n                soit \n                \n                                                            14,95 €                                                             \n\n                                          \n                    / KG                                        \n                  \n\n                                              \n            \n\n          \n        \n\n      \n\n      \n\n                              \n              \n              \n              \n            \n                                    \n\n\n                        \n              \n              \n          \n                                      \n\n      \n        Produit ajouté au panier ✓\n      \n      Stock disponible : 5 max.\n\n    \n    \n\n  ","200g\nItinéraire des Saveurs - Tomme des Pyrénées IGP\n\n2,99 €\n\n14,95 € / KG\n","\n    \n            \n            \n        \n          \n          \n                                                            \n                    \n                  \n                                                                    \n          \n          \n                      \n            \n        \n        \n          \n\n                      \n              265g            \n          \n        \n      \n\n        \n        \n          Kroon - Gouda en portion\n\n          \n          \n          Le paquet de 265g\n\n        \n\n        \n\n\n\n                    \n\n\n           \n                     \n\n\n\n        \n        \n                                                            \n              \n            \n                            \n\n                        \n        \n        \n\n        \n\n          \n            \n              3,29 €  \n              au lieu de 3,29 €  \n\n              \n                soit \n                \n                                                            12,42 €                                                             \n\n                                          \n                    / KG                                        \n                  \n\n                                              \n            \n\n          \n        \n\n      \n\n      \n\n                              \n              \n              \n              \n            \n                                    \n\n\n                        \n              \n              \n          \n                                      \n\n      \n        Produit ajouté au panier ✓\n      \n      Stock disponible : 12 max.\n\n    \n    \n\n  ","265g\nKroon - Gouda en portion\n\n3,29 €\n\n12,42 € / KG\n","\n    \n            \n            \n        \n          \n          \n                                                            \n                    \n                  \n                                                                    \n          \n          \n                      \n            \n        \n        \n          \n\n                      \n              250g            \n          \n        \n      \n\n        \n        \n          Leader Price - Emmental en bloc\n\n          \n          \n          Le paquet de 250g\n\n        \n\n        \n\n\n\n                    \n\n\n           \n                     \n\n\n\n        \n        \n                                                            \n              \n            \n                            \n\n                        \n        \n        \n\n        \n\n          \n            \n              3,39 €  \n              au lieu de 3,39 €  \n\n              \n                soit \n                \n                                                            13,56 €                                                             \n\n                                          \n                    / KG                                        \n                  \n\n                                              \n            \n\n          \n        \n\n      \n\n      \n\n                              \n              \n              \n              \n            \n                                    \n\n\n                        \n              \n              \n          \n                                      \n\n      \n        Produit ajouté au panier ✓\n      \n      Stock disponible : 72 max.\n\n    \n    \n\n  ","250g\nLeader Price - Emmental en bloc\n\n3,39 €\n\n13,56 € / KG\n","\n    \n            \n            \n        \n          \n          \n                                                            \n                    \n                  \n                                                                    \n          \n          \n                      \n            \n        \n        \n          \n\n                      \n              500g            \n          \n        \n      \n\n        \n        \n          Leader Price - Emmental râpé français\n\n          \n          \n          Le sachet de 500g\n\n        \n\n        \n\n\n\n                    \n\n\n           \n                     \n\n\n\n        \n        \n        \n\n                        \n        \n        \n\n        \n\n          \n            \n              6,99 €  \n              au lieu de 6,99 €  \n\n              \n                soit \n                \n                                                            13,98 €                                                             \n\n                                          \n                    / KG                                        \n                  \n\n                                              \n            \n\n          \n        \n\n      \n\n      \n\n                              \n              \n              \n              \n            \n                                    \n\n\n                        \n              \n              \n          \n                                      \n\n      \n        Produit ajouté au panier ✓\n      \n      Stock disponible : 33 max.\n\n    \n    \n\n  ","500g\nLeader Price - Emmental râpé français\n\n6,99 €\n\n13,98 € / KG\n"]